[
  {
    "exchange": "binance",
    "instrument": "btcusd",
    "insType": "perpetual",
    "obj": "trades",
    "btc_price": 43390.78,
    "timestamp": 1706607151.9954166,
    "data": {
      "e": "aggTrade",
      "E": 1706607151871,
      "a": 294000177,
      "s": "BTCUSD_PERP",
      "p": "43385.9",
      "q": "661",
      "f": 721914099,
      "l": 721914118,
      "T": 1706607151865,
      "m": false
    }
  },
  {
    "exchange": "binance",
    "instrument": "btcusd",
    "insType": "perpetual",
    "obj": "trades",
    "btc_price": 43390.79,
    "timestamp": 1706607152.0723794,
    "data": {
      "e": "aggTrade",
      "E": 1706607151940,
      "a": 294000179,
      "s": "BTCUSD_PERP",
      "p": "43387.6",
      "q": "66",
      "f": 721914121,
      "l": 721914123,
      "T": 1706607151898,
      "m": false
    }
  },
  {
    "exchange": "binance",
    "instrument": "btcusd",
    "insType": "perpetual",
    "obj": "trades",
    "btc_price": 43393.32,
    "timestamp": 1706607152.2393312,
    "data": {
      "e": "aggTrade",
      "E": 1706607152118,
      "a": 294000181,
      "s": "BTCUSD_PERP",
      "p": "43389.9",
      "q": "2",
      "f": 721914125,
      "l": 721914126,
      "T": 1706607151959,
      "m": false
    }
  },
  {
    "exchange": "binance",
    "instrument": "btcusd",
    "insType": "perpetual",
    "obj": "trades",
    "btc_price": 43393.33,
    "timestamp": 1706607163.5755177,
    "data": {
      "e": "aggTrade",
      "E": 1706607163459,
      "a": 294000183,
      "s": "BTCUSD_PERP",
      "p": "43389.9",
      "q": "12",
      "f": 721914128,
      "l": 721914128,
      "T": 1706607163297,
      "m": true
    }
  },
  {
    "exchange": "binance",
    "instrument": "btcusd",
    "insType": "perpetual",
    "obj": "trades",
    "btc_price": 43393.33,
    "timestamp": 1706607165.5530272,
    "data": {
      "e": "aggTrade",
      "E": 1706607165396,
      "a": 294000185,
      "s": "BTCUSD_PERP",
      "p": "43389.9",
      "q": "12",
      "f": 721914130,
      "l": 721914130,
      "T": 1706607165241,
      "m": true
    }
  },
  {
    "exchange": "binance",
    "instrument": "btcusd",
    "insType": "perpetual",
    "obj": "trades",
    "btc_price": 43393.33,
    "timestamp": 1706607169.0090332,
    "data": {
      "e": "aggTrade",
      "E": 1706607167264,
      "a": 294000187,
      "s": "BTCUSD_PERP",
      "p": "43389.9",
      "q": "514",
      "f": 721914132,
      "l": 721914144,
      "T": 1706607167101,
      "m": true
    }
  },
  {
    "exchange": "binance",
    "instrument": "btcusd",
    "insType": "perpetual",
    "obj": "trades",
    "btc_price": 43393.33,
    "timestamp": 1706607170.5511887,
    "data": {
      "e": "aggTrade",
      "E": 1706607168273,
      "a": 294000189,
      "s": "BTCUSD_PERP",
      "p": "43389.9",
      "q": "2",
      "f": 721914146,
      "l": 721914146,
      "T": 1706607168112,
      "m": true
    }
  },
  {
    "exchange": "binance",
    "instrument": "btcusd",
    "insType": "perpetual",
    "obj": "trades",
    "btc_price": 43393.32,
    "timestamp": 1706607172.6475763,
    "data": {
      "e": "aggTrade",
      "E": 1706607170314,
      "a": 294000191,
      "s": "BTCUSD_PERP",
      "p": "43389.9",
      "q": "1",
      "f": 721914148,
      "l": 721914148,
      "T": 1706607170156,
      "m": true
    }
  },
  {
    "exchange": "binance",
    "instrument": "btcusd",
    "insType": "perpetual",
    "obj": "trades",
    "btc_price": 43393.32,
    "timestamp": 1706607175.4672017,
    "data": {
      "e": "aggTrade",
      "E": 1706607172346,
      "a": 294000193,
      "s": "BTCUSD_PERP",
      "p": "43389.9",
      "q": "1",
      "f": 721914151,
      "l": 721914151,
      "T": 1706607172186,
      "m": true
    }
  },
  {
    "exchange": "binance",
    "instrument": "btcusd",
    "insType": "perpetual",
    "obj": "trades",
    "btc_price": 43393.33,
    "timestamp": 1706607179.7102222,
    "data": {
      "e": "aggTrade",
      "E": 1706607174307,
      "a": 294000195,
      "s": "BTCUSD_PERP",
      "p": "43389.9",
      "q": "1",
      "f": 721914153,
      "l": 721914153,
      "T": 1706607174143,
      "m": true
    }
  },
  {
    "exchange": "binance",
    "instrument": "btcusd",
    "insType": "perpetual",
    "obj": "trades",
    "btc_price": 43393.33,
    "timestamp": 1706607184.3739886,
    "data": {
      "e": "aggTrade",
      "E": 1706607176354,
      "a": 294000197,
      "s": "BTCUSD_PERP",
      "p": "43389.9",
      "q": "2",
      "f": 721914155,
      "l": 721914155,
      "T": 1706607176195,
      "m": true
    }
  },
  {
    "exchange": "binance",
    "instrument": "btcusd",
    "insType": "perpetual",
    "obj": "trades",
    "btc_price": 43393.33,
    "timestamp": 1706607184.3749866,
    "data": {
      "e": "aggTrade",
      "E": 1706607178311,
      "a": 294000199,
      "s": "BTCUSD_PERP",
      "p": "43389.9",
      "q": "1",
      "f": 721914157,
      "l": 721914157,
      "T": 1706607178152,
      "m": true
    }
  },
  {
    "exchange": "binance",
    "instrument": "btcusd",
    "insType": "perpetual",
    "obj": "trades",
    "btc_price": 43393.32,
    "timestamp": 1706607187.5017948,
    "data": {
      "e": "aggTrade",
      "E": 1706607180031,
      "a": 294000201,
      "s": "BTCUSD_PERP",
      "p": "43390.0",
      "q": "1636",
      "f": 721914159,
      "l": 721914182,
      "T": 1706607180013,
      "m": false
    }
  },
  {
    "exchange": "binance",
    "instrument": "btcusd",
    "insType": "perpetual",
    "obj": "trades",
    "btc_price": 43393.32,
    "timestamp": 1706607187.5025244,
    "data": {
      "e": "aggTrade",
      "E": 1706607180033,
      "a": 294000203,
      "s": "BTCUSD_PERP",
      "p": "43391.3",
      "q": "100",
      "f": 721914184,
      "l": 721914184,
      "T": 1706607180015,
      "m": false
    }
  },
  {
    "exchange": "binance",
    "instrument": "btcusd",
    "insType": "perpetual",
    "obj": "trades",
    "btc_price": 43393.32,
    "timestamp": 1706607187.503246,
    "data": {
      "e": "aggTrade",
      "E": 1706607180035,
      "a": 294000205,
      "s": "BTCUSD_PERP",
      "p": "43392.3",
      "q": "5",
      "f": 721914187,
      "l": 721914187,
      "T": 1706607180015,
      "m": false
    }
  },
  {
    "exchange": "binance",
    "instrument": "btcusd",
    "insType": "perpetual",
    "obj": "trades",
    "btc_price": 43393.32,
    "timestamp": 1706607187.5039926,
    "data": {
      "e": "aggTrade",
      "E": 1706607180035,
      "a": 294000207,
      "s": "BTCUSD_PERP",
      "p": "43393.3",
      "q": "12",
      "f": 721914190,
      "l": 721914190,
      "T": 1706607180015,
      "m": false
    }
  },
  {
    "exchange": "binance",
    "instrument": "btcusd",
    "insType": "perpetual",
    "obj": "trades",
    "btc_price": 43393.32,
    "timestamp": 1706607187.5049038,
    "data": {
      "e": "aggTrade",
      "E": 1706607180035,
      "a": 294000209,
      "s": "BTCUSD_PERP",
      "p": "43393.9",
      "q": "1",
      "f": 721914192,
      "l": 721914192,
      "T": 1706607180015,
      "m": false
    }
  },
  {
    "exchange": "binance",
    "instrument": "btcusd",
    "insType": "perpetual",
    "obj": "trades",
    "btc_price": 43393.32,
    "timestamp": 1706607187.5059054,
    "data": {
      "e": "aggTrade",
      "E": 1706607180036,
      "a": 294000211,
      "s": "BTCUSD_PERP",
      "p": "43394.3",
      "q": "10",
      "f": 721914194,
      "l": 721914194,
      "T": 1706607180015,
      "m": false
    }
  },
  {
    "exchange": "binance",
    "instrument": "btcusd",
    "insType": "perpetual",
    "obj": "trades",
    "btc_price": 43393.32,
    "timestamp": 1706607187.5068226,
    "data": {
      "e": "aggTrade",
      "E": 1706607180036,
      "a": 294000213,
      "s": "BTCUSD_PERP",
      "p": "43394.7",
      "q": "1",
      "f": 721914196,
      "l": 721914196,
      "T": 1706607180015,
      "m": false
    }
  },
  {
    "exchange": "binance",
    "instrument": "btcusd",
    "insType": "perpetual",
    "obj": "trades",
    "btc_price": 43393.32,
    "timestamp": 1706607187.5078685,
    "data": {
      "e": "aggTrade",
      "E": 1706607180036,
      "a": 294000215,
      "s": "BTCUSD_PERP",
      "p": "43395.4",
      "q": "11",
      "f": 721914199,
      "l": 721914200,
      "T": 1706607180015,
      "m": false
    }
  },
  {
    "exchange": "binance",
    "instrument": "btcusd",
    "insType": "perpetual",
    "obj": "trades",
    "btc_price": 43393.32,
    "timestamp": 1706607187.5090992,
    "data": {
      "e": "aggTrade",
      "E": 1706607180036,
      "a": 294000217,
      "s": "BTCUSD_PERP",
      "p": "43395.9",
      "q": "1100",
      "f": 721914202,
      "l": 721914203,
      "T": 1706607180015,
      "m": false
    }
  },
  {
    "exchange": "binance",
    "instrument": "btcusd",
    "insType": "perpetual",
    "obj": "trades",
    "btc_price": 43393.32,
    "timestamp": 1706607187.510375,
    "data": {
      "e": "aggTrade",
      "E": 1706607180036,
      "a": 294000219,
      "s": "BTCUSD_PERP",
      "p": "43396.2",
      "q": "101",
      "f": 721914207,
      "l": 721914208,
      "T": 1706607180015,
      "m": false
    }
  },
  {
    "exchange": "binance",
    "instrument": "btcusd",
    "insType": "perpetual",
    "obj": "trades",
    "btc_price": 43393.32,
    "timestamp": 1706607187.511664,
    "data": {
      "e": "aggTrade",
      "E": 1706607180036,
      "a": 294000221,
      "s": "BTCUSD_PERP",
      "p": "43396.5",
      "q": "107",
      "f": 721914210,
      "l": 721914212,
      "T": 1706607180015,
      "m": false
    }
  },
  {
    "exchange": "binance",
    "instrument": "btcusd",
    "insType": "perpetual",
    "obj": "trades",
    "btc_price": 43393.32,
    "timestamp": 1706607187.512538,
    "data": {
      "e": "aggTrade",
      "E": 1706607180036,
      "a": 294000223,
      "s": "BTCUSD_PERP",
      "p": "43396.8",
      "q": "100",
      "f": 721914216,
      "l": 721914216,
      "T": 1706607180015,
      "m": false
    }
  },
  {
    "exchange": "binance",
    "instrument": "btcusd",
    "insType": "perpetual",
    "obj": "trades",
    "btc_price": 43393.32,
    "timestamp": 1706607187.5137851,
    "data": {
      "e": "aggTrade",
      "E": 1706607180036,
      "a": 294000225,
      "s": "BTCUSD_PERP",
      "p": "43397.1",
      "q": "100",
      "f": 721914218,
      "l": 721914218,
      "T": 1706607180015,
      "m": false
    }
  },
  {
    "exchange": "binance",
    "instrument": "btcusd",
    "insType": "perpetual",
    "obj": "trades",
    "btc_price": 43393.32,
    "timestamp": 1706607187.51478,
    "data": {
      "e": "aggTrade",
      "E": 1706607180036,
      "a": 294000227,
      "s": "BTCUSD_PERP",
      "p": "43397.3",
      "q": "30",
      "f": 721914220,
      "l": 721914222,
      "T": 1706607180015,
      "m": false
    }
  },
  {
    "exchange": "binance",
    "instrument": "btcusd",
    "insType": "perpetual",
    "obj": "trades",
    "btc_price": 43393.32,
    "timestamp": 1706607187.5158243,
    "data": {
      "e": "aggTrade",
      "E": 1706607180036,
      "a": 294000229,
      "s": "BTCUSD_PERP",
      "p": "43398.0",
      "q": "48",
      "f": 721914225,
      "l": 721914225,
      "T": 1706607180015,
      "m": false
    }
  },
  {
    "exchange": "binance",
    "instrument": "btcusd",
    "insType": "perpetual",
    "obj": "trades",
    "btc_price": 43393.32,
    "timestamp": 1706607187.5171885,
    "data": {
      "e": "aggTrade",
      "E": 1706607180036,
      "a": 294000231,
      "s": "BTCUSD_PERP",
      "p": "43398.5",
      "q": "5",
      "f": 721914228,
      "l": 721914228,
      "T": 1706607180015,
      "m": false
    }
  },
  {
    "exchange": "binance",
    "instrument": "btcusd",
    "insType": "perpetual",
    "obj": "trades",
    "btc_price": 43395.35,
    "timestamp": 1706607192.878687,
    "data": {
      "e": "aggTrade",
      "E": 1706607180037,
      "a": 294000233,
      "s": "BTCUSD_PERP",
      "p": "43398.8",
      "q": "20",
      "f": 721914232,
      "l": 721914233,
      "T": 1706607180015,
      "m": false
    }
  },
  {
    "exchange": "binance",
    "instrument": "btcusd",
    "insType": "perpetual",
    "obj": "trades",
    "btc_price": 43395.35,
    "timestamp": 1706607192.8804715,
    "data": {
      "e": "aggTrade",
      "E": 1706607180038,
      "a": 294000235,
      "s": "BTCUSD_PERP",
      "p": "43400.0",
      "q": "103",
      "f": 721914236,
      "l": 721914239,
      "T": 1706607180015,
      "m": false
    }
  },
  {
    "exchange": "binance",
    "instrument": "btcusd",
    "insType": "perpetual",
    "obj": "trades",
    "btc_price": 43395.35,
    "timestamp": 1706607192.882324,
    "data": {
      "e": "aggTrade",
      "E": 1706607180051,
      "a": 294000237,
      "s": "BTCUSD_PERP",
      "p": "43400.4",
      "q": "31",
      "f": 721914242,
      "l": 721914243,
      "T": 1706607180017,
      "m": false
    }
  },
  {
    "exchange": "binance",
    "instrument": "btcusd",
    "insType": "perpetual",
    "obj": "trades",
    "btc_price": 43395.35,
    "timestamp": 1706607192.884133,
    "data": {
      "e": "aggTrade",
      "E": 1706607180051,
      "a": 294000239,
      "s": "BTCUSD_PERP",
      "p": "43400.9",
      "q": "1",
      "f": 721914248,
      "l": 721914248,
      "T": 1706607180019,
      "m": false
    }
  },
  {
    "exchange": "binance",
    "instrument": "btcusd",
    "insType": "perpetual",
    "obj": "trades",
    "btc_price": 43395.35,
    "timestamp": 1706607192.8861346,
    "data": {
      "e": "aggTrade",
      "E": 1706607180054,
      "a": 294000241,
      "s": "BTCUSD_PERP",
      "p": "43401.2",
      "q": "41",
      "f": 721914254,
      "l": 721914254,
      "T": 1706607180021,
      "m": false
    }
  },
  {
    "exchange": "binance",
    "instrument": "btcusd",
    "insType": "perpetual",
    "obj": "trades",
    "btc_price": 43395.35,
    "timestamp": 1706607192.8882854,
    "data": {
      "e": "aggTrade",
      "E": 1706607180054,
      "a": 294000243,
      "s": "BTCUSD_PERP",
      "p": "43402.8",
      "q": "1",
      "f": 721914256,
      "l": 721914256,
      "T": 1706607180021,
      "m": false
    }
  },
  {
    "exchange": "binance",
    "instrument": "btcusd",
    "insType": "perpetual",
    "obj": "trades",
    "btc_price": 43395.35,
    "timestamp": 1706607192.8904371,
    "data": {
      "e": "aggTrade",
      "E": 1706607180054,
      "a": 294000245,
      "s": "BTCUSD_PERP",
      "p": "43403.0",
      "q": "20",
      "f": 721914258,
      "l": 721914258,
      "T": 1706607180021,
      "m": false
    }
  },
  {
    "exchange": "binance",
    "instrument": "btcusd",
    "insType": "perpetual",
    "obj": "trades",
    "btc_price": 43395.35,
    "timestamp": 1706607192.892586,
    "data": {
      "e": "aggTrade",
      "E": 1706607180063,
      "a": 294000247,
      "s": "BTCUSD_PERP",
      "p": "43403.5",
      "q": "44",
      "f": 721914261,
      "l": 721914261,
      "T": 1706607180022,
      "m": false
    }
  },
  {
    "exchange": "binance",
    "instrument": "btcusd",
    "insType": "perpetual",
    "obj": "trades",
    "btc_price": 43395.35,
    "timestamp": 1706607192.8948016,
    "data": {
      "e": "aggTrade",
      "E": 1706607180064,
      "a": 294000249,
      "s": "BTCUSD_PERP",
      "p": "43403.5",
      "q": "64",
      "f": 721914263,
      "l": 721914266,
      "T": 1706607180023,
      "m": false
    }
  },
  {
    "exchange": "binance",
    "instrument": "btcusd",
    "insType": "perpetual",
    "obj": "trades",
    "btc_price": 43395.35,
    "timestamp": 1706607192.8971453,
    "data": {
      "e": "aggTrade",
      "E": 1706607180064,
      "a": 294000251,
      "s": "BTCUSD_PERP",
      "p": "43405.0",
      "q": "3",
      "f": 721914268,
      "l": 721914269,
      "T": 1706607180024,
      "m": false
    }
  },
  {
    "exchange": "binance",
    "instrument": "btcusd",
    "insType": "perpetual",
    "obj": "trades",
    "btc_price": 43395.35,
    "timestamp": 1706607192.8994358,
    "data": {
      "e": "aggTrade",
      "E": 1706607180135,
      "a": 294000253,
      "s": "BTCUSD_PERP",
      "p": "43403.4",
      "q": "199",
      "f": 721914272,
      "l": 721914276,
      "T": 1706607180030,
      "m": false
    }
  },
  {
    "exchange": "binance",
    "instrument": "btcusd",
    "insType": "perpetual",
    "obj": "trades",
    "btc_price": 43395.35,
    "timestamp": 1706607192.901674,
    "data": {
      "e": "aggTrade",
      "E": 1706607180145,
      "a": 294000255,
      "s": "BTCUSD_PERP",
      "p": "43405.8",
      "q": "6",
      "f": 721914278,
      "l": 721914278,
      "T": 1706607180127,
      "m": false
    }
  },
  {
    "exchange": "binance",
    "instrument": "btcusd",
    "insType": "perpetual",
    "obj": "trades",
    "btc_price": 43395.35,
    "timestamp": 1706607192.9042737,
    "data": {
      "e": "aggTrade",
      "E": 1706607180168,
      "a": 294000257,
      "s": "BTCUSD_PERP",
      "p": "43407.6",
      "q": "20",
      "f": 721914280,
      "l": 721914281,
      "T": 1706607180142,
      "m": false
    }
  },
  {
    "exchange": "binance",
    "instrument": "btcusd",
    "insType": "perpetual",
    "obj": "trades",
    "btc_price": 43395.35,
    "timestamp": 1706607192.9066708,
    "data": {
      "e": "aggTrade",
      "E": 1706607180176,
      "a": 294000259,
      "s": "BTCUSD_PERP",
      "p": "43408.2",
      "q": "367",
      "f": 721914285,
      "l": 721914286,
      "T": 1706607180163,
      "m": false
    }
  },
  {
    "exchange": "binance",
    "instrument": "btcusd",
    "insType": "perpetual",
    "obj": "trades",
    "btc_price": 43395.35,
    "timestamp": 1706607192.909026,
    "data": {
      "e": "aggTrade",
      "E": 1706607180176,
      "a": 294000261,
      "s": "BTCUSD_PERP",
      "p": "43410.0",
      "q": "3",
      "f": 721914288,
      "l": 721914289,
      "T": 1706607180166,
      "m": false
    }
  },
  {
    "exchange": "binance",
    "instrument": "btcusd",
    "insType": "perpetual",
    "obj": "trades",
    "btc_price": 43395.35,
    "timestamp": 1706607192.9112504,
    "data": {
      "e": "aggTrade",
      "E": 1706607180176,
      "a": 294000263,
      "s": "BTCUSD_PERP",
      "p": "43410.5",
      "q": "1",
      "f": 721914291,
      "l": 721914291,
      "T": 1706607180167,
      "m": false
    }
  },
  {
    "exchange": "binance",
    "instrument": "btcusd",
    "insType": "perpetual",
    "obj": "trades",
    "btc_price": 43397.27,
    "timestamp": 1706607198.3011088,
    "data": {
      "e": "aggTrade",
      "E": 1706607180192,
      "a": 294000265,
      "s": "BTCUSD_PERP",
      "p": "43408.1",
      "q": "10",
      "f": 721914293,
      "l": 721914293,
      "T": 1706607180181,
      "m": false
    }
  },
  {
    "exchange": "binance",
    "instrument": "btcusd",
    "insType": "perpetual",
    "obj": "trades",
    "btc_price": 43397.27,
    "timestamp": 1706607198.3032813,
    "data": {
      "e": "aggTrade",
      "E": 1706607180192,
      "a": 294000267,
      "s": "BTCUSD_PERP",
      "p": "43411.1",
      "q": "181",
      "f": 721914295,
      "l": 721914295,
      "T": 1706607180181,
      "m": false
    }
  },
  {
    "exchange": "binance",
    "instrument": "btcusd",
    "insType": "perpetual",
    "obj": "trades",
    "btc_price": 43397.27,
    "timestamp": 1706607198.3047657,
    "data": {
      "e": "aggTrade",
      "E": 1706607180200,
      "a": 294000269,
      "s": "BTCUSD_PERP",
      "p": "43411.6",
      "q": "202",
      "f": 721914298,
      "l": 721914298,
      "T": 1706607180186,
      "m": false
    }
  },
  {
    "exchange": "binance",
    "instrument": "btcusd",
    "insType": "perpetual",
    "obj": "trades",
    "btc_price": 43397.27,
    "timestamp": 1706607198.3061175,
    "data": {
      "e": "aggTrade",
      "E": 1706607180200,
      "a": 294000271,
      "s": "BTCUSD_PERP",
      "p": "43412.4",
      "q": "1",
      "f": 721914301,
      "l": 721914301,
      "T": 1706607180186,
      "m": false
    }
  },
  {
    "exchange": "binance",
    "instrument": "btcusd",
    "insType": "perpetual",
    "obj": "trades",
    "btc_price": 43397.27,
    "timestamp": 1706607198.3075716,
    "data": {
      "e": "aggTrade",
      "E": 1706607180208,
      "a": 294000273,
      "s": "BTCUSD_PERP",
      "p": "43413.9",
      "q": "1",
      "f": 721914306,
      "l": 721914306,
      "T": 1706607180186,
      "m": false
    }
  },
  {
    "exchange": "binance",
    "instrument": "btcusd",
    "insType": "perpetual",
    "obj": "trades",
    "btc_price": 43397.27,
    "timestamp": 1706607198.309098,
    "data": {
      "e": "aggTrade",
      "E": 1706607180326,
      "a": 294000275,
      "s": "BTCUSD_PERP",
      "p": "43417.1",
      "q": "10",
      "f": 721914309,
      "l": 721914309,
      "T": 1706607180292,
      "m": false
    }
  },
  {
    "exchange": "binance",
    "instrument": "btcusd",
    "insType": "perpetual",
    "obj": "trades",
    "btc_price": 43397.27,
    "timestamp": 1706607198.3109512,
    "data": {
      "e": "aggTrade",
      "E": 1706607180522,
      "a": 294000277,
      "s": "BTCUSD_PERP",
      "p": "43417.9",
      "q": "468",
      "f": 721914313,
      "l": 721914325,
      "T": 1706607180442,
      "m": false
    }
  },
  {
    "exchange": "binance",
    "instrument": "btcusd",
    "insType": "perpetual",
    "obj": "trades",
    "btc_price": 43397.27,
    "timestamp": 1706607198.3124652,
    "data": {
      "e": "aggTrade",
      "E": 1706607180530,
      "a": 294000279,
      "s": "BTCUSD_PERP",
      "p": "43419.4",
      "q": "2",
      "f": 721914327,
      "l": 721914327,
      "T": 1706607180523,
      "m": false
    }
  },
  {
    "exchange": "binance",
    "instrument": "btcusd",
    "insType": "perpetual",
    "obj": "trades",
    "btc_price": 43397.27,
    "timestamp": 1706607198.3140304,
    "data": {
      "e": "aggTrade",
      "E": 1706607180681,
      "a": 294000281,
      "s": "BTCUSD_PERP",
      "p": "43420.0",
      "q": "5",
      "f": 721914329,
      "l": 721914331,
      "T": 1706607180523,
      "m": false
    }
  },
  {
    "exchange": "binance",
    "instrument": "btcusd",
    "insType": "perpetual",
    "obj": "trades",
    "btc_price": 43397.27,
    "timestamp": 1706607198.315564,
    "data": {
      "e": "aggTrade",
      "E": 1706607185158,
      "a": 294000283,
      "s": "BTCUSD_PERP",
      "p": "43419.9",
      "q": "1324",
      "f": 721914344,
      "l": 721914360,
      "T": 1706607185123,
      "m": true
    }
  },
  {
    "exchange": "binance",
    "instrument": "btcusd",
    "insType": "perpetual",
    "obj": "trades",
    "btc_price": 43397.27,
    "timestamp": 1706607198.317292,
    "data": {
      "e": "aggTrade",
      "E": 1706607185223,
      "a": 294000285,
      "s": "BTCUSD_PERP",
      "p": "43418.2",
      "q": "21",
      "f": 721914362,
      "l": 721914372,
      "T": 1706607185176,
      "m": true
    }
  },
  {
    "exchange": "binance",
    "instrument": "btcusd",
    "insType": "perpetual",
    "obj": "trades",
    "btc_price": 43397.27,
    "timestamp": 1706607198.3189445,
    "data": {
      "e": "aggTrade",
      "E": 1706607185377,
      "a": 294000287,
      "s": "BTCUSD_PERP",
      "p": "43417.9",
      "q": "4",
      "f": 721914374,
      "l": 721914375,
      "T": 1706607185215,
      "m": true
    }
  },
  {
    "exchange": "binance",
    "instrument": "btcusd",
    "insType": "perpetual",
    "obj": "trades",
    "btc_price": 43397.27,
    "timestamp": 1706607198.320547,
    "data": {
      "e": "aggTrade",
      "E": 1706607187362,
      "a": 294000289,
      "s": "BTCUSD_PERP",
      "p": "43417.7",
      "q": "1",
      "f": 721914380,
      "l": 721914380,
      "T": 1706607187355,
      "m": true
    }
  },
  {
    "exchange": "binance",
    "instrument": "btcusd",
    "insType": "perpetual",
    "obj": "trades",
    "btc_price": 43397.27,
    "timestamp": 1706607198.3222198,
    "data": {
      "e": "aggTrade",
      "E": 1706607187371,
      "a": 294000291,
      "s": "BTCUSD_PERP",
      "p": "43417.5",
      "q": "44",
      "f": 721914383,
      "l": 721914384,
      "T": 1706607187357,
      "m": true
    }
  },
  {
    "exchange": "binance",
    "instrument": "btcusd",
    "insType": "perpetual",
    "obj": "trades",
    "btc_price": 43397.27,
    "timestamp": 1706607198.3242607,
    "data": {
      "e": "aggTrade",
      "E": 1706607187376,
      "a": 294000293,
      "s": "BTCUSD_PERP",
      "p": "43416.4",
      "q": "45",
      "f": 721914388,
      "l": 721914390,
      "T": 1706607187369,
      "m": true
    }
  },
  {
    "exchange": "binance",
    "instrument": "btcusd",
    "insType": "perpetual",
    "obj": "trades",
    "btc_price": 43397.27,
    "timestamp": 1706607198.3268201,
    "data": {
      "e": "aggTrade",
      "E": 1706607187395,
      "a": 294000295,
      "s": "BTCUSD_PERP",
      "p": "43416.2",
      "q": "44",
      "f": 721914394,
      "l": 721914395,
      "T": 1706607187384,
      "m": true
    }
  },
  {
    "exchange": "binance",
    "instrument": "btcusd",
    "insType": "perpetual",
    "obj": "trades",
    "btc_price": 43400.0,
    "timestamp": 1706607203.7868452,
    "data": {
      "e": "aggTrade",
      "E": 1706607187397,
      "a": 294000297,
      "s": "BTCUSD_PERP",
      "p": "43416.0",
      "q": "1",
      "f": 721914397,
      "l": 721914397,
      "T": 1706607187385,
      "m": true
    }
  },
  {
    "exchange": "binance",
    "instrument": "btcusd",
    "insType": "perpetual",
    "obj": "trades",
    "btc_price": 43400.0,
    "timestamp": 1706607203.7890668,
    "data": {
      "e": "aggTrade",
      "E": 1706607191438,
      "a": 294000299,
      "s": "BTCUSD_PERP",
      "p": "43414.0",
      "q": "11",
      "f": 721914401,
      "l": 721914401,
      "T": 1706607191279,
      "m": true
    }
  },
  {
    "exchange": "binance",
    "instrument": "btcusd",
    "insType": "perpetual",
    "obj": "trades",
    "btc_price": 43400.0,
    "timestamp": 1706607203.792047,
    "data": {
      "e": "aggTrade",
      "E": 1706607193449,
      "a": 294000301,
      "s": "BTCUSD_PERP",
      "p": "43414.0",
      "q": "11",
      "f": 721914403,
      "l": 721914403,
      "T": 1706607193292,
      "m": true
    }
  },
  {
    "exchange": "binance",
    "instrument": "btcusd",
    "insType": "perpetual",
    "obj": "trades",
    "btc_price": 43400.0,
    "timestamp": 1706607203.7941878,
    "data": {
      "e": "aggTrade",
      "E": 1706607193850,
      "a": 294000303,
      "s": "BTCUSD_PERP",
      "p": "43414.0",
      "q": "11",
      "f": 721914405,
      "l": 721914405,
      "T": 1706607193692,
      "m": true
    }
  },
  {
    "exchange": "binance",
    "instrument": "btcusd",
    "insType": "perpetual",
    "obj": "trades",
    "btc_price": 43400.0,
    "timestamp": 1706607203.7964091,
    "data": {
      "e": "aggTrade",
      "E": 1706607194249,
      "a": 294000305,
      "s": "BTCUSD_PERP",
      "p": "43414.0",
      "q": "12",
      "f": 721914409,
      "l": 721914411,
      "T": 1706607194090,
      "m": true
    }
  },
  {
    "exchange": "binance",
    "instrument": "btcusd",
    "insType": "perpetual",
    "obj": "trades",
    "btc_price": 43400.0,
    "timestamp": 1706607203.7986114,
    "data": {
      "e": "aggTrade",
      "E": 1706607196303,
      "a": 294000307,
      "s": "BTCUSD_PERP",
      "p": "43414.0",
      "q": "2",
      "f": 721914428,
      "l": 721914428,
      "T": 1706607196146,
      "m": true
    }
  },
  {
    "exchange": "binance",
    "instrument": "btcusd",
    "insType": "perpetual",
    "obj": "trades",
    "btc_price": 43400.0,
    "timestamp": 1706607203.8007522,
    "data": {
      "e": "aggTrade",
      "E": 1706607196706,
      "a": 294000309,
      "s": "BTCUSD_PERP",
      "p": "43414.0",
      "q": "2",
      "f": 721914430,
      "l": 721914430,
      "T": 1706607196545,
      "m": true
    }
  },
  {
    "exchange": "binance",
    "instrument": "btcusd",
    "insType": "perpetual",
    "obj": "trades",
    "btc_price": 43400.0,
    "timestamp": 1706607203.8028576,
    "data": {
      "e": "aggTrade",
      "E": 1706607197106,
      "a": 294000311,
      "s": "BTCUSD_PERP",
      "p": "43414.0",
      "q": "1",
      "f": 721914432,
      "l": 721914432,
      "T": 1706607196946,
      "m": true
    }
  },
  {
    "exchange": "binance",
    "instrument": "btcusd",
    "insType": "perpetual",
    "obj": "trades",
    "btc_price": 43404.18,
    "timestamp": 1706607209.524724,
    "data": {
      "e": "aggTrade",
      "E": 1706607202649,
      "a": 294000313,
      "s": "BTCUSD_PERP",
      "p": "43414.0",
      "q": "1",
      "f": 721914434,
      "l": 721914434,
      "T": 1706607202489,
      "m": true
    }
  },
  {
    "exchange": "binance",
    "instrument": "btcusd",
    "insType": "perpetual",
    "obj": "trades",
    "btc_price": 43415.16,
    "timestamp": 1706607221.820916,
    "data": {
      "e": "aggTrade",
      "E": 1706607213957,
      "a": 294000315,
      "s": "BTCUSD_PERP",
      "p": "43414.0",
      "q": "2",
      "f": 721914436,
      "l": 721914436,
      "T": 1706607213799,
      "m": true
    }
  },
  {
    "exchange": "binance",
    "instrument": "btcusd",
    "insType": "perpetual",
    "obj": "trades",
    "btc_price": 43415.16,
    "timestamp": 1706607221.823082,
    "data": {
      "e": "aggTrade",
      "E": 1706607215660,
      "a": 294000317,
      "s": "BTCUSD_PERP",
      "p": "43414.1",
      "q": "717",
      "f": 721914438,
      "l": 721914458,
      "T": 1706607215625,
      "m": false
    }
  },
  {
    "exchange": "binance",
    "instrument": "btcusd",
    "insType": "perpetual",
    "obj": "trades",
    "btc_price": 43415.16,
    "timestamp": 1706607221.825162,
    "data": {
      "e": "aggTrade",
      "E": 1706607215797,
      "a": 294000319,
      "s": "BTCUSD_PERP",
      "p": "43415.8",
      "q": "1",
      "f": 721914460,
      "l": 721914460,
      "T": 1706607215654,
      "m": false
    }
  },
  {
    "exchange": "binance",
    "instrument": "btcusd",
    "insType": "perpetual",
    "obj": "trades",
    "btc_price": 43415.16,
    "timestamp": 1706607221.8274174,
    "data": {
      "e": "aggTrade",
      "E": 1706607217636,
      "a": 294000321,
      "s": "BTCUSD_PERP",
      "p": "43417.8",
      "q": "2",
      "f": 721914462,
      "l": 721914462,
      "T": 1706607217478,
      "m": false
    }
  },
  {
    "exchange": "binance",
    "instrument": "btcusd",
    "insType": "perpetual",
    "obj": "trades",
    "btc_price": 43421.4,
    "timestamp": 1706607231.8467467,
    "data": {
      "e": "aggTrade",
      "E": 1706607223050,
      "a": 294000323,
      "s": "BTCUSD_PERP",
      "p": "43417.8",
      "q": "1",
      "f": 721914464,
      "l": 721914464,
      "T": 1706607222886,
      "m": false
    }
  },
  {
    "exchange": "binance",
    "instrument": "btcusd",
    "insType": "perpetual",
    "obj": "trades",
    "btc_price": 43427.6,
    "timestamp": 1706607239.1655414,
    "data": {
      "e": "aggTrade",
      "E": 1706607228109,
      "a": 294000325,
      "s": "BTCUSD_PERP",
      "p": "43417.7",
      "q": "11",
      "f": 721914466,
      "l": 721914466,
      "T": 1706607227948,
      "m": true
    }
  },
  {
    "exchange": "binance",
    "instrument": "btcusd",
    "insType": "perpetual",
    "obj": "trades",
    "btc_price": 43427.6,
    "timestamp": 1706607239.1676333,
    "data": {
      "e": "aggTrade",
      "E": 1706607230191,
      "a": 294000327,
      "s": "BTCUSD_PERP",
      "p": "43417.7",
      "q": "11",
      "f": 721914468,
      "l": 721914468,
      "T": 1706607230035,
      "m": true
    }
  },
  {
    "exchange": "binance",
    "instrument": "btcusd",
    "insType": "perpetual",
    "obj": "trades",
    "btc_price": 43427.6,
    "timestamp": 1706607239.169766,
    "data": {
      "e": "aggTrade",
      "E": 1706607230730,
      "a": 294000329,
      "s": "BTCUSD_PERP",
      "p": "43417.9",
      "q": "10",
      "f": 721914485,
      "l": 721914485,
      "T": 1706607230723,
      "m": false
    }
  },
  {
    "exchange": "binance",
    "instrument": "btcusd",
    "insType": "perpetual",
    "obj": "trades",
    "btc_price": 43427.6,
    "timestamp": 1706607239.171776,
    "data": {
      "e": "aggTrade",
      "E": 1706607231060,
      "a": 294000331,
      "s": "BTCUSD_PERP",
      "p": "43418.0",
      "q": "6",
      "f": 721914487,
      "l": 721914488,
      "T": 1706607230898,
      "m": false
    }
  },
  {
    "exchange": "binance",
    "instrument": "btcusd",
    "insType": "perpetual",
    "obj": "trades",
    "btc_price": 43424.26,
    "timestamp": 1706607243.2128954,
    "data": {
      "e": "aggTrade",
      "E": 1706607234674,
      "a": 294000333,
      "s": "BTCUSD_PERP",
      "p": "43418.0",
      "q": "23",
      "f": 721914495,
      "l": 721914498,
      "T": 1706607234516,
      "m": false
    }
  },
  {
    "exchange": "binance",
    "instrument": "btcusd",
    "insType": "perpetual",
    "obj": "trades",
    "btc_price": 43424.26,
    "timestamp": 1706607243.217178,
    "data": {
      "e": "aggTrade",
      "E": 1706607235111,
      "a": 294000335,
      "s": "BTCUSD_PERP",
      "p": "43418.1",
      "q": "1",
      "f": 721914502,
      "l": 721914502,
      "T": 1706607234950,
      "m": false
    }
  },
  {
    "exchange": "binance",
    "instrument": "btcusd",
    "insType": "perpetual",
    "obj": "trades",
    "btc_price": 43417.68,
    "timestamp": 1706607253.0777671,
    "data": {
      "e": "aggTrade",
      "E": 1706607245850,
      "a": 294000337,
      "s": "BTCUSD_PERP",
      "p": "43419.1",
      "q": "2",
      "f": 721914508,
      "l": 721914508,
      "T": 1706607245688,
      "m": true
    }
  },
  {
    "exchange": "binance",
    "instrument": "btcusd",
    "insType": "perpetual",
    "obj": "trades",
    "btc_price": 43417.68,
    "timestamp": 1706607253.0817337,
    "data": {
      "e": "aggTrade",
      "E": 1706607246927,
      "a": 294000339,
      "s": "BTCUSD_PERP",
      "p": "43419.1",
      "q": "1196",
      "f": 721914510,
      "l": 721914525,
      "T": 1706607246918,
      "m": true
    }
  },
  {
    "exchange": "binance",
    "instrument": "btcusd",
    "insType": "perpetual",
    "obj": "trades",
    "btc_price": 43417.68,
    "timestamp": 1706607253.084727,
    "data": {
      "e": "aggTrade",
      "E": 1706607246933,
      "a": 294000341,
      "s": "BTCUSD_PERP",
      "p": "43418.4",
      "q": "10",
      "f": 721914527,
      "l": 721914527,
      "T": 1706607246920,
      "m": true
    }
  },
  {
    "exchange": "binance",
    "instrument": "btcusd",
    "insType": "perpetual",
    "obj": "trades",
    "btc_price": 43417.68,
    "timestamp": 1706607253.0878139,
    "data": {
      "e": "aggTrade",
      "E": 1706607246934,
      "a": 294000343,
      "s": "BTCUSD_PERP",
      "p": "43417.7",
      "q": "13",
      "f": 721914529,
      "l": 721914530,
      "T": 1706607246923,
      "m": true
    }
  },
  {
    "exchange": "binance",
    "instrument": "btcusd",
    "insType": "perpetual",
    "obj": "trades",
    "btc_price": 43417.68,
    "timestamp": 1706607253.0914059,
    "data": {
      "e": "aggTrade",
      "E": 1706607246935,
      "a": 294000345,
      "s": "BTCUSD_PERP",
      "p": "43416.8",
      "q": "1",
      "f": 721914532,
      "l": 721914532,
      "T": 1706607246923,
      "m": true
    }
  },
  {
    "exchange": "binance",
    "instrument": "btcusd",
    "insType": "perpetual",
    "obj": "trades",
    "btc_price": 43417.68,
    "timestamp": 1706607253.0952919,
    "data": {
      "e": "aggTrade",
      "E": 1706607246937,
      "a": 294000347,
      "s": "BTCUSD_PERP",
      "p": "43414.8",
      "q": "147",
      "f": 721914535,
      "l": 721914535,
      "T": 1706607246923,
      "m": true
    }
  },
  {
    "exchange": "binance",
    "instrument": "btcusd",
    "insType": "perpetual",
    "obj": "trades",
    "btc_price": 43417.68,
    "timestamp": 1706607253.0987084,
    "data": {
      "e": "aggTrade",
      "E": 1706607246937,
      "a": 294000349,
      "s": "BTCUSD_PERP",
      "p": "43414.4",
      "q": "43",
      "f": 721914537,
      "l": 721914538,
      "T": 1706607246923,
      "m": true
    }
  },
  {
    "exchange": "binance",
    "instrument": "btcusd",
    "insType": "perpetual",
    "obj": "trades",
    "btc_price": 43417.68,
    "timestamp": 1706607253.1014597,
    "data": {
      "e": "aggTrade",
      "E": 1706607247073,
      "a": 294000351,
      "s": "BTCUSD_PERP",
      "p": "43414.0",
      "q": "37",
      "f": 721914540,
      "l": 721914545,
      "T": 1706607246971,
      "m": true
    }
  },
  {
    "exchange": "binance",
    "instrument": "btcusd",
    "insType": "perpetual",
    "obj": "trades",
    "btc_price": 43417.68,
    "timestamp": 1706607253.104868,
    "data": {
      "e": "aggTrade",
      "E": 1706607247080,
      "a": 294000353,
      "s": "BTCUSD_PERP",
      "p": "43413.2",
      "q": "17",
      "f": 721914547,
      "l": 721914549,
      "T": 1706607247070,
      "m": true
    }
  },
  {
    "exchange": "binance",
    "instrument": "btcusd",
    "insType": "perpetual",
    "obj": "trades",
    "btc_price": 43417.68,
    "timestamp": 1706607253.1096253,
    "data": {
      "e": "aggTrade",
      "E": 1706607247080,
      "a": 294000355,
      "s": "BTCUSD_PERP",
      "p": "43412.4",
      "q": "26",
      "f": 721914551,
      "l": 721914552,
      "T": 1706607247070,
      "m": true
    }
  },
  {
    "exchange": "binance",
    "instrument": "btcusd",
    "insType": "perpetual",
    "obj": "trades",
    "btc_price": 43417.68,
    "timestamp": 1706607253.114291,
    "data": {
      "e": "aggTrade",
      "E": 1706607247080,
      "a": 294000357,
      "s": "BTCUSD_PERP",
      "p": "43412.2",
      "q": "1",
      "f": 721914554,
      "l": 721914554,
      "T": 1706607247070,
      "m": true
    }
  },
  {
    "exchange": "binance",
    "instrument": "btcusd",
    "insType": "perpetual",
    "obj": "trades",
    "btc_price": 43417.68,
    "timestamp": 1706607253.119045,
    "data": {
      "e": "aggTrade",
      "E": 1706607247086,
      "a": 294000359,
      "s": "BTCUSD_PERP",
      "p": "43410.8",
      "q": "16",
      "f": 721914556,
      "l": 721914557,
      "T": 1706607247076,
      "m": true
    }
  },
  {
    "exchange": "binance",
    "instrument": "btcusd",
    "insType": "perpetual",
    "obj": "trades",
    "btc_price": 43417.68,
    "timestamp": 1706607253.1251125,
    "data": {
      "e": "aggTrade",
      "E": 1706607247086,
      "a": 294000361,
      "s": "BTCUSD_PERP",
      "p": "43410.0",
      "q": "53",
      "f": 721914559,
      "l": 721914560,
      "T": 1706607247076,
      "m": true
    }
  },
  {
    "exchange": "binance",
    "instrument": "btcusd",
    "insType": "perpetual",
    "obj": "trades",
    "btc_price": 43417.68,
    "timestamp": 1706607253.12995,
    "data": {
      "e": "aggTrade",
      "E": 1706607247086,
      "a": 294000363,
      "s": "BTCUSD_PERP",
      "p": "43409.2",
      "q": "39",
      "f": 721914562,
      "l": 721914562,
      "T": 1706607247076,
      "m": true
    }
  },
  {
    "exchange": "binance",
    "instrument": "btcusd",
    "insType": "perpetual",
    "obj": "trades",
    "btc_price": 43417.68,
    "timestamp": 1706607253.1338277,
    "data": {
      "e": "aggTrade",
      "E": 1706607247086,
      "a": 294000365,
      "s": "BTCUSD_PERP",
      "p": "43408.6",
      "q": "30",
      "f": 721914564,
      "l": 721914565,
      "T": 1706607247076,
      "m": true
    }
  },
  {
    "exchange": "binance",
    "instrument": "btcusd",
    "insType": "perpetual",
    "obj": "trades",
    "btc_price": 43417.68,
    "timestamp": 1706607253.1382277,
    "data": {
      "e": "aggTrade",
      "E": 1706607247086,
      "a": 294000367,
      "s": "BTCUSD_PERP",
      "p": "43408.4",
      "q": "20",
      "f": 721914567,
      "l": 721914568,
      "T": 1706607247076,
      "m": true
    }
  },
  {
    "exchange": "binance",
    "instrument": "btcusd",
    "insType": "perpetual",
    "obj": "trades",
    "btc_price": 43420.66,
    "timestamp": 1706607260.5272543,
    "data": {
      "e": "aggTrade",
      "E": 1706607247086,
      "a": 294000369,
      "s": "BTCUSD_PERP",
      "p": "43408.0",
      "q": "48",
      "f": 721914570,
      "l": 721914570,
      "T": 1706607247076,
      "m": true
    }
  },
  {
    "exchange": "binance",
    "instrument": "btcusd",
    "insType": "perpetual",
    "obj": "trades",
    "btc_price": 43420.66,
    "timestamp": 1706607260.5311024,
    "data": {
      "e": "aggTrade",
      "E": 1706607247091,
      "a": 294000371,
      "s": "BTCUSD_PERP",
      "p": "43407.8",
      "q": "297",
      "f": 721914575,
      "l": 721914577,
      "T": 1706607247076,
      "m": true
    }
  },
  {
    "exchange": "binance",
    "instrument": "btcusd",
    "insType": "perpetual",
    "obj": "trades",
    "btc_price": 43420.66,
    "timestamp": 1706607260.5338976,
    "data": {
      "e": "aggTrade",
      "E": 1706607247886,
      "a": 294000373,
      "s": "BTCUSD_PERP",
      "p": "43407.0",
      "q": "1",
      "f": 721914591,
      "l": 721914591,
      "T": 1706607247729,
      "m": true
    }
  },
  {
    "exchange": "binance",
    "instrument": "btcusd",
    "insType": "perpetual",
    "obj": "trades",
    "btc_price": 43420.66,
    "timestamp": 1706607260.5368314,
    "data": {
      "e": "aggTrade",
      "E": 1706607248209,
      "a": 294000375,
      "s": "BTCUSD_PERP",
      "p": "43407.0",
      "q": "20",
      "f": 721914593,
      "l": 721914595,
      "T": 1706607248204,
      "m": true
    }
  },
  {
    "exchange": "binance",
    "instrument": "btcusd",
    "insType": "perpetual",
    "obj": "trades",
    "btc_price": 43420.66,
    "timestamp": 1706607260.5396156,
    "data": {
      "e": "aggTrade",
      "E": 1706607248402,
      "a": 294000377,
      "s": "BTCUSD_PERP",
      "p": "43405.6",
      "q": "11",
      "f": 721914597,
      "l": 721914598,
      "T": 1706607248245,
      "m": true
    }
  },
  {
    "exchange": "binance",
    "instrument": "btcusd",
    "insType": "perpetual",
    "obj": "trades",
    "btc_price": 43420.66,
    "timestamp": 1706607260.5425496,
    "data": {
      "e": "aggTrade",
      "E": 1706607250212,
      "a": 294000379,
      "s": "BTCUSD_PERP",
      "p": "43405.2",
      "q": "12",
      "f": 721914600,
      "l": 721914601,
      "T": 1706607250052,
      "m": true
    }
  },
  {
    "exchange": "binance",
    "instrument": "btcusd",
    "insType": "perpetual",
    "obj": "trades",
    "btc_price": 43420.66,
    "timestamp": 1706607260.5458453,
    "data": {
      "e": "aggTrade",
      "E": 1706607252237,
      "a": 294000381,
      "s": "BTCUSD_PERP",
      "p": "43405.2",
      "q": "11",
      "f": 721914603,
      "l": 721914605,
      "T": 1706607252078,
      "m": true
    }
  },
  {
    "exchange": "binance",
    "instrument": "btcusd",
    "insType": "perpetual",
    "obj": "trades",
    "btc_price": 43420.66,
    "timestamp": 1706607260.5489557,
    "data": {
      "e": "aggTrade",
      "E": 1706607254176,
      "a": 294000383,
      "s": "BTCUSD_PERP",
      "p": "43405.2",
      "q": "13",
      "f": 721914607,
      "l": 721914609,
      "T": 1706607254017,
      "m": true
    }
  },
  {
    "exchange": "binance",
    "instrument": "btcusd",
    "insType": "perpetual",
    "obj": "trades",
    "btc_price": 43420.66,
    "timestamp": 1706607260.5517993,
    "data": {
      "e": "aggTrade",
      "E": 1706607254617,
      "a": 294000385,
      "s": "BTCUSD_PERP",
      "p": "43405.2",
      "q": "1",
      "f": 721914611,
      "l": 721914611,
      "T": 1706607254461,
      "m": true
    }
  },
  {
    "exchange": "binance",
    "instrument": "btcusd",
    "insType": "perpetual",
    "obj": "trades",
    "btc_price": 43420.66,
    "timestamp": 1706607260.5547478,
    "data": {
      "e": "aggTrade",
      "E": 1706607255071,
      "a": 294000387,
      "s": "BTCUSD_PERP",
      "p": "43405.2",
      "q": "55",
      "f": 721914613,
      "l": 721914617,
      "T": 1706607255061,
      "m": true
    }
  },
  {
    "exchange": "binance",
    "instrument": "btcusd",
    "insType": "perpetual",
    "obj": "trades",
    "btc_price": 43420.66,
    "timestamp": 1706607260.557842,
    "data": {
      "e": "aggTrade",
      "E": 1706607255071,
      "a": 294000389,
      "s": "BTCUSD_PERP",
      "p": "43405.0",
      "q": "2",
      "f": 721914619,
      "l": 721914619,
      "T": 1706607255061,
      "m": true
    }
  },
  {
    "exchange": "binance",
    "instrument": "btcusd",
    "insType": "perpetual",
    "obj": "trades",
    "btc_price": 43420.66,
    "timestamp": 1706607260.5610287,
    "data": {
      "e": "aggTrade",
      "E": 1706607256299,
      "a": 294000391,
      "s": "BTCUSD_PERP",
      "p": "43404.0",
      "q": "12",
      "f": 721914621,
      "l": 721914621,
      "T": 1706607256142,
      "m": true
    }
  },
  {
    "exchange": "binance",
    "instrument": "btcusd",
    "insType": "perpetual",
    "obj": "trades",
    "btc_price": 43420.66,
    "timestamp": 1706607260.5637872,
    "data": {
      "e": "aggTrade",
      "E": 1706607256702,
      "a": 294000393,
      "s": "BTCUSD_PERP",
      "p": "43404.0",
      "q": "11",
      "f": 721914623,
      "l": 721914623,
      "T": 1706607256542,
      "m": true
    }
  },
  {
    "exchange": "binance",
    "instrument": "btcusd",
    "insType": "perpetual",
    "obj": "trades",
    "btc_price": 43420.66,
    "timestamp": 1706607260.5668154,
    "data": {
      "e": "aggTrade",
      "E": 1706607257099,
      "a": 294000395,
      "s": "BTCUSD_PERP",
      "p": "43404.0",
      "q": "12",
      "f": 721914625,
      "l": 721914626,
      "T": 1706607256943,
      "m": true
    }
  },
  {
    "exchange": "binance",
    "instrument": "btcusd",
    "insType": "perpetual",
    "obj": "trades",
    "btc_price": 43420.66,
    "timestamp": 1706607270.8010898,
    "data": {
      "e": "aggTrade",
      "E": 1706607259961,
      "a": 294000397,
      "s": "BTCUSD_PERP",
      "p": "43403.9",
      "q": "1",
      "f": 721914632,
      "l": 721914632,
      "T": 1706607259957,
      "m": true
    }
  },
  {
    "exchange": "binance",
    "instrument": "btcusd",
    "insType": "perpetual",
    "obj": "trades",
    "btc_price": 43420.66,
    "timestamp": 1706607270.8050961,
    "data": {
      "e": "aggTrade",
      "E": 1706607259961,
      "a": 294000399,
      "s": "BTCUSD_PERP",
      "p": "43403.4",
      "q": "1",
      "f": 721914634,
      "l": 721914634,
      "T": 1706607259957,
      "m": true
    }
  },
  {
    "exchange": "binance",
    "instrument": "btcusd",
    "insType": "perpetual",
    "obj": "trades",
    "btc_price": 43420.66,
    "timestamp": 1706607270.8086636,
    "data": {
      "e": "aggTrade",
      "E": 1706607260042,
      "a": 294000401,
      "s": "BTCUSD_PERP",
      "p": "43402.4",
      "q": "94",
      "f": 721914637,
      "l": 721914637,
      "T": 1706607259958,
      "m": true
    }
  },
  {
    "exchange": "binance",
    "instrument": "btcusd",
    "insType": "perpetual",
    "obj": "trades",
    "btc_price": 43420.66,
    "timestamp": 1706607270.8144155,
    "data": {
      "e": "aggTrade",
      "E": 1706607260043,
      "a": 294000403,
      "s": "BTCUSD_PERP",
      "p": "43401.9",
      "q": "1",
      "f": 721914640,
      "l": 721914640,
      "T": 1706607260036,
      "m": true
    }
  },
  {
    "exchange": "binance",
    "instrument": "btcusd",
    "insType": "perpetual",
    "obj": "trades",
    "btc_price": 43420.66,
    "timestamp": 1706607270.8179636,
    "data": {
      "e": "aggTrade",
      "E": 1706607260585,
      "a": 294000405,
      "s": "BTCUSD_PERP",
      "p": "43400.0",
      "q": "3",
      "f": 721914643,
      "l": 721914644,
      "T": 1706607260577,
      "m": true
    }
  },
  {
    "exchange": "binance",
    "instrument": "btcusd",
    "insType": "perpetual",
    "obj": "trades",
    "btc_price": 43420.66,
    "timestamp": 1706607270.8214417,
    "data": {
      "e": "aggTrade",
      "E": 1706607260736,
      "a": 294000407,
      "s": "BTCUSD_PERP",
      "p": "43399.4",
      "q": "1",
      "f": 721914646,
      "l": 721914646,
      "T": 1706607260577,
      "m": true
    }
  },
  {
    "exchange": "binance",
    "instrument": "btcusd",
    "insType": "perpetual",
    "obj": "trades",
    "btc_price": 43420.81,
    "timestamp": 1706607280.177485,
    "data": {
      "e": "aggTrade",
      "E": 1706607270438,
      "a": 294000409,
      "s": "BTCUSD_PERP",
      "p": "43397.4",
      "q": "175",
      "f": 721914648,
      "l": 721914648,
      "T": 1706607270278,
      "m": true
    }
  },
  {
    "exchange": "binance",
    "instrument": "btcusd",
    "insType": "perpetual",
    "obj": "trades",
    "btc_price": 43420.81,
    "timestamp": 1706607280.1827538,
    "data": {
      "e": "aggTrade",
      "E": 1706607272263,
      "a": 294000411,
      "s": "BTCUSD_PERP",
      "p": "43397.4",
      "q": "16",
      "f": 721914650,
      "l": 721914650,
      "T": 1706607272100,
      "m": true
    }
  },
  {
    "exchange": "binance",
    "instrument": "btcusd",
    "insType": "perpetual",
    "obj": "trades",
    "btc_price": 43420.81,
    "timestamp": 1706607280.1873908,
    "data": {
      "e": "aggTrade",
      "E": 1706607274242,
      "a": 294000413,
      "s": "BTCUSD_PERP",
      "p": "43397.4",
      "q": "15",
      "f": 721914652,
      "l": 721914652,
      "T": 1706607274083,
      "m": true
    }
  },
  {
    "exchange": "binance",
    "instrument": "btcusd",
    "insType": "perpetual",
    "obj": "trades",
    "btc_price": 43422.88,
    "timestamp": 1706607290.0184789,
    "data": {
      "e": "aggTrade",
      "E": 1706607276287,
      "a": 294000415,
      "s": "BTCUSD_PERP",
      "p": "43397.4",
      "q": "17",
      "f": 721914654,
      "l": 721914654,
      "T": 1706607276128,
      "m": true
    }
  },
  {
    "exchange": "binance",
    "instrument": "btcusd",
    "insType": "perpetual",
    "obj": "trades",
    "btc_price": 43422.88,
    "timestamp": 1706607290.022154,
    "data": {
      "e": "aggTrade",
      "E": 1706607278223,
      "a": 294000417,
      "s": "BTCUSD_PERP",
      "p": "43397.4",
      "q": "15",
      "f": 721914656,
      "l": 721914656,
      "T": 1706607278065,
      "m": true
    }
  },
  {
    "exchange": "binance",
    "instrument": "btcusd",
    "insType": "perpetual",
    "obj": "trades",
    "btc_price": 43422.88,
    "timestamp": 1706607290.0258658,
    "data": {
      "e": "aggTrade",
      "E": 1706607279567,
      "a": 294000419,
      "s": "BTCUSD_PERP",
      "p": "43397.4",
      "q": "485",
      "f": 721914658,
      "l": 721914662,
      "T": 1706607279524,
      "m": true
    }
  },
  {
    "exchange": "binance",
    "instrument": "btcusd",
    "insType": "perpetual",
    "obj": "trades",
    "btc_price": 43422.88,
    "timestamp": 1706607290.0294354,
    "data": {
      "e": "aggTrade",
      "E": 1706607279580,
      "a": 294000421,
      "s": "BTCUSD_PERP",
      "p": "43396.7",
      "q": "12",
      "f": 721914664,
      "l": 721914670,
      "T": 1706607279562,
      "m": true
    }
  },
  {
    "exchange": "binance",
    "instrument": "btcusd",
    "insType": "perpetual",
    "obj": "trades",
    "btc_price": 43422.88,
    "timestamp": 1706607290.0330718,
    "data": {
      "e": "aggTrade",
      "E": 1706607279580,
      "a": 294000423,
      "s": "BTCUSD_PERP",
      "p": "43395.7",
      "q": "1",
      "f": 721914672,
      "l": 721914672,
      "T": 1706607279563,
      "m": true
    }
  },
  {
    "exchange": "binance",
    "instrument": "btcusd",
    "insType": "perpetual",
    "obj": "trades",
    "btc_price": 43422.88,
    "timestamp": 1706607290.0364754,
    "data": {
      "e": "aggTrade",
      "E": 1706607279714,
      "a": 294000425,
      "s": "BTCUSD_PERP",
      "p": "43393.3",
      "q": "5",
      "f": 721914674,
      "l": 721914674,
      "T": 1706607279704,
      "m": true
    }
  },
  {
    "exchange": "binance",
    "instrument": "btcusd",
    "insType": "perpetual",
    "obj": "trades",
    "btc_price": 43422.88,
    "timestamp": 1706607290.040032,
    "data": {
      "e": "aggTrade",
      "E": 1706607279714,
      "a": 294000427,
      "s": "BTCUSD_PERP",
      "p": "43392.8",
      "q": "8",
      "f": 721914676,
      "l": 721914676,
      "T": 1706607279704,
      "m": true
    }
  },
  {
    "exchange": "binance",
    "instrument": "btcusd",
    "insType": "perpetual",
    "obj": "trades",
    "btc_price": 43422.88,
    "timestamp": 1706607290.0437756,
    "data": {
      "e": "aggTrade",
      "E": 1706607280270,
      "a": 294000429,
      "s": "BTCUSD_PERP",
      "p": "43391.4",
      "q": "16",
      "f": 721914678,
      "l": 721914678,
      "T": 1706607280111,
      "m": true
    }
  },
  {
    "exchange": "binance",
    "instrument": "btcusd",
    "insType": "perpetual",
    "obj": "trades",
    "btc_price": 43422.88,
    "timestamp": 1706607290.0483828,
    "data": {
      "e": "aggTrade",
      "E": 1706607282276,
      "a": 294000431,
      "s": "BTCUSD_PERP",
      "p": "43391.4",
      "q": "16",
      "f": 721914680,
      "l": 721914680,
      "T": 1706607282117,
      "m": true
    }
  },
  {
    "exchange": "binance",
    "instrument": "btcusd",
    "insType": "perpetual",
    "obj": "trades",
    "btc_price": 43422.88,
    "timestamp": 1706607290.0522501,
    "data": {
      "e": "aggTrade",
      "E": 1706607284236,
      "a": 294000433,
      "s": "BTCUSD_PERP",
      "p": "43391.4",
      "q": "17",
      "f": 721914682,
      "l": 721914685,
      "T": 1706607284077,
      "m": true
    }
  },
  {
    "exchange": "binance",
    "instrument": "btcusd",
    "insType": "perpetual",
    "obj": "trades",
    "btc_price": 43422.87,
    "timestamp": 1706607298.4402015,
    "data": {
      "e": "aggTrade",
      "E": 1706607286275,
      "a": 294000435,
      "s": "BTCUSD_PERP",
      "p": "43391.4",
      "q": "15",
      "f": 721914687,
      "l": 721914687,
      "T": 1706607286117,
      "m": true
    }
  },
  {
    "exchange": "binance",
    "instrument": "btcusd",
    "insType": "perpetual",
    "obj": "trades",
    "btc_price": 43422.87,
    "timestamp": 1706607298.4443417,
    "data": {
      "e": "aggTrade",
      "E": 1706607288160,
      "a": 294000437,
      "s": "BTCUSD_PERP",
      "p": "43391.4",
      "q": "32",
      "f": 721914689,
      "l": 721914690,
      "T": 1706607288004,
      "m": true
    }
  },
  {
    "exchange": "binance",
    "instrument": "btcusd",
    "insType": "perpetual",
    "obj": "trades",
    "btc_price": 43422.87,
    "timestamp": 1706607298.4481127,
    "data": {
      "e": "aggTrade",
      "E": 1706607290262,
      "a": 294000439,
      "s": "BTCUSD_PERP",
      "p": "43391.4",
      "q": "16",
      "f": 721914692,
      "l": 721914692,
      "T": 1706607290106,
      "m": true
    }
  },
  {
    "exchange": "binance",
    "instrument": "btcusd",
    "insType": "perpetual",
    "obj": "trades",
    "btc_price": 43422.87,
    "timestamp": 1706607298.4519494,
    "data": {
      "e": "aggTrade",
      "E": 1706607292287,
      "a": 294000441,
      "s": "BTCUSD_PERP",
      "p": "43391.4",
      "q": "16",
      "f": 721914694,
      "l": 721914694,
      "T": 1706607292127,
      "m": true
    }
  },
  {
    "exchange": "binance",
    "instrument": "btcusd",
    "insType": "perpetual",
    "obj": "trades",
    "btc_price": 43422.87,
    "timestamp": 1706607298.4557152,
    "data": {
      "e": "aggTrade",
      "E": 1706607293468,
      "a": 294000443,
      "s": "BTCUSD_PERP",
      "p": "43391.4",
      "q": "1151",
      "f": 721914711,
      "l": 721914722,
      "T": 1706607293436,
      "m": true
    }
  },
  {
    "exchange": "binance",
    "instrument": "btcusd",
    "insType": "perpetual",
    "obj": "trades",
    "btc_price": 43422.87,
    "timestamp": 1706607298.4599135,
    "data": {
      "e": "aggTrade",
      "E": 1706607293468,
      "a": 294000445,
      "s": "BTCUSD_PERP",
      "p": "43390.2",
      "q": "3",
      "f": 721914724,
      "l": 721914724,
      "T": 1706607293459,
      "m": true
    }
  },
  {
    "exchange": "binance",
    "instrument": "btcusd",
    "insType": "perpetual",
    "obj": "trades",
    "btc_price": 43422.87,
    "timestamp": 1706607298.4637785,
    "data": {
      "e": "aggTrade",
      "E": 1706607293468,
      "a": 294000447,
      "s": "BTCUSD_PERP",
      "p": "43389.7",
      "q": "1",
      "f": 721914726,
      "l": 721914726,
      "T": 1706607293459,
      "m": true
    }
  },
  {
    "exchange": "binance",
    "instrument": "btcusd",
    "insType": "perpetual",
    "obj": "trades",
    "btc_price": 43422.87,
    "timestamp": 1706607298.4680836,
    "data": {
      "e": "aggTrade",
      "E": 1706607293646,
      "a": 294000449,
      "s": "BTCUSD_PERP",
      "p": "43387.2",
      "q": "21",
      "f": 721914728,
      "l": 721914735,
      "T": 1706607293486,
      "m": true
    }
  },
  {
    "exchange": "binance",
    "instrument": "btcusd",
    "insType": "perpetual",
    "obj": "trades",
    "btc_price": 43427.0,
    "timestamp": 1706607310.4680126,
    "data": {
      "e": "aggTrade",
      "E": 1706607295332,
      "a": 294000451,
      "s": "BTCUSD_PERP",
      "p": "43387.2",
      "q": "2",
      "f": 721914738,
      "l": 721914738,
      "T": 1706607295174,
      "m": true
    }
  },
  {
    "exchange": "binance",
    "instrument": "btcusd",
    "insType": "perpetual",
    "obj": "trades",
    "btc_price": 43427.0,
    "timestamp": 1706607310.4728115,
    "data": {
      "e": "aggTrade",
      "E": 1706607297249,
      "a": 294000453,
      "s": "BTCUSD_PERP",
      "p": "43387.2",
      "q": "8",
      "f": 721914740,
      "l": 721914740,
      "T": 1706607297242,
      "m": true
    }
  },
  {
    "exchange": "binance",
    "instrument": "btcusd",
    "insType": "perpetual",
    "obj": "trades",
    "btc_price": 43427.0,
    "timestamp": 1706607310.477314,
    "data": {
      "e": "aggTrade",
      "E": 1706607297298,
      "a": 294000455,
      "s": "BTCUSD_PERP",
      "p": "43385.7",
      "q": "2",
      "f": 721914742,
      "l": 721914742,
      "T": 1706607297249,
      "m": true
    }
  },
  {
    "exchange": "binance",
    "instrument": "btcusd",
    "insType": "perpetual",
    "obj": "trades",
    "btc_price": 43427.0,
    "timestamp": 1706607310.4836113,
    "data": {
      "e": "aggTrade",
      "E": 1706607297486,
      "a": 294000457,
      "s": "BTCUSD_PERP",
      "p": "43384.2",
      "q": "108",
      "f": 721914754,
      "l": 721914755,
      "T": 1706607297324,
      "m": true
    }
  },
  {
    "exchange": "binance",
    "instrument": "btcusd",
    "insType": "perpetual",
    "obj": "trades",
    "btc_price": 43427.0,
    "timestamp": 1706607310.4874837,
    "data": {
      "e": "aggTrade",
      "E": 1706607298251,
      "a": 294000459,
      "s": "BTCUSD_PERP",
      "p": "43382.4",
      "q": "15",
      "f": 721914757,
      "l": 721914757,
      "T": 1706607298091,
      "m": true
    }
  },
  {
    "exchange": "binance",
    "instrument": "btcusd",
    "insType": "perpetual",
    "obj": "trades",
    "btc_price": 43427.0,
    "timestamp": 1706607310.4917135,
    "data": {
      "e": "aggTrade",
      "E": 1706607299989,
      "a": 294000461,
      "s": "BTCUSD_PERP",
      "p": "43382.4",
      "q": "10",
      "f": 721914759,
      "l": 721914760,
      "T": 1706607299983,
      "m": true
    }
  },
  {
    "exchange": "binance",
    "instrument": "btcusd",
    "insType": "perpetual",
    "obj": "trades",
    "btc_price": 43427.0,
    "timestamp": 1706607310.4961295,
    "data": {
      "e": "aggTrade",
      "E": 1706607300028,
      "a": 294000463,
      "s": "BTCUSD_PERP",
      "p": "43381.2",
      "q": "309",
      "f": 721914762,
      "l": 721914763,
      "T": 1706607299986,
      "m": true
    }
  },
  {
    "exchange": "binance",
    "instrument": "btcusd",
    "insType": "perpetual",
    "obj": "trades",
    "btc_price": 43427.0,
    "timestamp": 1706607310.5005267,
    "data": {
      "e": "aggTrade",
      "E": 1706607300028,
      "a": 294000465,
      "s": "BTCUSD_PERP",
      "p": "43379.9",
      "q": "3",
      "f": 721914766,
      "l": 721914766,
      "T": 1706607300023,
      "m": true
    }
  },
  {
    "exchange": "binance",
    "instrument": "btcusd",
    "insType": "perpetual",
    "obj": "trades",
    "btc_price": 43427.0,
    "timestamp": 1706607310.504976,
    "data": {
      "e": "aggTrade",
      "E": 1706607300302,
      "a": 294000467,
      "s": "BTCUSD_PERP",
      "p": "43379.4",
      "q": "17",
      "f": 721914768,
      "l": 721914768,
      "T": 1706607300141,
      "m": true
    }
  },
  {
    "exchange": "binance",
    "instrument": "btcusd",
    "insType": "perpetual",
    "obj": "trades",
    "btc_price": 43427.0,
    "timestamp": 1706607310.5087867,
    "data": {
      "e": "aggTrade",
      "E": 1706607302255,
      "a": 294000469,
      "s": "BTCUSD_PERP",
      "p": "43379.4",
      "q": "15",
      "f": 721914770,
      "l": 721914770,
      "T": 1706607302100,
      "m": true
    }
  },
  {
    "exchange": "binance",
    "instrument": "btcusd",
    "insType": "perpetual",
    "obj": "trades",
    "btc_price": 43427.0,
    "timestamp": 1706607310.5128853,
    "data": {
      "e": "aggTrade",
      "E": 1706607303246,
      "a": 294000471,
      "s": "BTCUSD_PERP",
      "p": "43379.3",
      "q": "1",
      "f": 721914776,
      "l": 721914776,
      "T": 1706607303232,
      "m": true
    }
  },
  {
    "exchange": "binance",
    "instrument": "btcusd",
    "insType": "perpetual",
    "obj": "trades",
    "btc_price": 43427.0,
    "timestamp": 1706607310.5172935,
    "data": {
      "e": "aggTrade",
      "E": 1706607303321,
      "a": 294000473,
      "s": "BTCUSD_PERP",
      "p": "43375.6",
      "q": "3",
      "f": 721914778,
      "l": 721914779,
      "T": 1706607303312,
      "m": true
    }
  },
  {
    "exchange": "binance",
    "instrument": "btcusd",
    "insType": "perpetual",
    "obj": "trades",
    "btc_price": 43427.0,
    "timestamp": 1706607310.5216377,
    "data": {
      "e": "aggTrade",
      "E": 1706607304248,
      "a": 294000475,
      "s": "BTCUSD_PERP",
      "p": "43374.3",
      "q": "16",
      "f": 721914781,
      "l": 721914781,
      "T": 1706607304087,
      "m": true
    }
  },
  {
    "exchange": "binance",
    "instrument": "btcusd",
    "insType": "perpetual",
    "obj": "trades",
    "btc_price": 43427.01,
    "timestamp": 1706607322.6233394,
    "data": {
      "e": "aggTrade",
      "E": 1706607306268,
      "a": 294000477,
      "s": "BTCUSD_PERP",
      "p": "43374.3",
      "q": "16",
      "f": 721914783,
      "l": 721914783,
      "T": 1706607306108,
      "m": true
    }
  },
  {
    "exchange": "binance",
    "instrument": "btcusd",
    "insType": "perpetual",
    "obj": "trades",
    "btc_price": 43427.01,
    "timestamp": 1706607322.6286228,
    "data": {
      "e": "aggTrade",
      "E": 1706607308257,
      "a": 294000479,
      "s": "BTCUSD_PERP",
      "p": "43374.3",
      "q": "16",
      "f": 721914786,
      "l": 721914786,
      "T": 1706607308098,
      "m": true
    }
  },
  {
    "exchange": "binance",
    "instrument": "btcusd",
    "insType": "perpetual",
    "obj": "trades",
    "btc_price": 43427.01,
    "timestamp": 1706607322.6346457,
    "data": {
      "e": "aggTrade",
      "E": 1706607309723,
      "a": 294000481,
      "s": "BTCUSD_PERP",
      "p": "43374.3",
      "q": "2",
      "f": 721914788,
      "l": 721914788,
      "T": 1706607309563,
      "m": true
    }
  },
  {
    "exchange": "binance",
    "instrument": "btcusd",
    "insType": "perpetual",
    "obj": "trades",
    "btc_price": 43427.01,
    "timestamp": 1706607322.6398344,
    "data": {
      "e": "aggTrade",
      "E": 1706607310125,
      "a": 294000483,
      "s": "BTCUSD_PERP",
      "p": "43374.3",
      "q": "2",
      "f": 721914790,
      "l": 721914790,
      "T": 1706607309964,
      "m": true
    }
  },
  {
    "exchange": "binance",
    "instrument": "btcusd",
    "insType": "perpetual",
    "obj": "trades",
    "btc_price": 43427.01,
    "timestamp": 1706607322.644317,
    "data": {
      "e": "aggTrade",
      "E": 1706607311839,
      "a": 294000485,
      "s": "BTCUSD_PERP",
      "p": "43374.4",
      "q": "3",
      "f": 721914793,
      "l": 721914793,
      "T": 1706607311679,
      "m": false
    }
  },
  {
    "exchange": "binance",
    "instrument": "btcusd",
    "insType": "perpetual",
    "obj": "trades",
    "btc_price": 43427.01,
    "timestamp": 1706607322.6489036,
    "data": {
      "e": "aggTrade",
      "E": 1706607314248,
      "a": 294000487,
      "s": "BTCUSD_PERP",
      "p": "43374.3",
      "q": "16",
      "f": 721914795,
      "l": 721914795,
      "T": 1706607314092,
      "m": true
    }
  },
  {
    "exchange": "binance",
    "instrument": "btcusd",
    "insType": "perpetual",
    "obj": "trades",
    "btc_price": 43427.01,
    "timestamp": 1706607322.6533391,
    "data": {
      "e": "aggTrade",
      "E": 1706607315692,
      "a": 294000489,
      "s": "BTCUSD_PERP",
      "p": "43374.2",
      "q": "1",
      "f": 721914829,
      "l": 721914829,
      "T": 1706607315678,
      "m": true
    }
  },
  {
    "exchange": "binance",
    "instrument": "btcusd",
    "insType": "perpetual",
    "obj": "trades",
    "btc_price": 43427.01,
    "timestamp": 1706607322.658102,
    "data": {
      "e": "aggTrade",
      "E": 1706607315750,
      "a": 294000491,
      "s": "BTCUSD_PERP",
      "p": "43373.4",
      "q": "2",
      "f": 721914831,
      "l": 721914831,
      "T": 1706607315702,
      "m": true
    }
  },
  {
    "exchange": "binance",
    "instrument": "btcusd",
    "insType": "perpetual",
    "obj": "trades",
    "btc_price": 43427.01,
    "timestamp": 1706607330.1415424,
    "data": {
      "e": "aggTrade",
      "E": 1706607316400,
      "a": 294000493,
      "s": "BTCUSD_PERP",
      "p": "43370.0",
      "q": "16",
      "f": 721914838,
      "l": 721914842,
      "T": 1706607316244,
      "m": true
    }
  },
  {
    "exchange": "binance",
    "instrument": "btcusd",
    "insType": "perpetual",
    "obj": "trades",
    "btc_price": 43427.0,
    "timestamp": 1706607334.2643082,
    "data": {
      "e": "aggTrade",
      "E": 1706607316452,
      "a": 294000495,
      "s": "BTCUSD_PERP",
      "p": "43369.9",
      "q": "1",
      "f": 721914847,
      "l": 721914847,
      "T": 1706607316445,
      "m": true
    }
  },
  {
    "exchange": "binance",
    "instrument": "btcusd",
    "insType": "perpetual",
    "obj": "trades",
    "btc_price": 43427.0,
    "timestamp": 1706607334.2720728,
    "data": {
      "e": "aggTrade",
      "E": 1706607316838,
      "a": 294000497,
      "s": "BTCUSD_PERP",
      "p": "43369.8",
      "q": "15",
      "f": 721914849,
      "l": 721914849,
      "T": 1706607316685,
      "m": true
    }
  },
  {
    "exchange": "binance",
    "instrument": "btcusd",
    "insType": "perpetual",
    "obj": "trades",
    "btc_price": 43427.0,
    "timestamp": 1706607334.2796962,
    "data": {
      "e": "aggTrade",
      "E": 1706607317203,
      "a": 294000499,
      "s": "BTCUSD_PERP",
      "p": "43369.8",
      "q": "16",
      "f": 721914851,
      "l": 721914851,
      "T": 1706607317045,
      "m": true
    }
  },
  {
    "exchange": "binance",
    "instrument": "btcusd",
    "insType": "perpetual",
    "obj": "trades",
    "btc_price": 43380.27,
    "timestamp": 1706607612.0098953,
    "data": {
      "e": "aggTrade",
      "E": 1706607591698,
      "a": 294000778,
      "s": "BTCUSD_PERP",
      "p": "43376.8",
      "q": "10",
      "f": 721915389,
      "l": 721915390,
      "T": 1706607591540,
      "m": true
    }
  },
  {
    "exchange": "binance",
    "instrument": "btcusd",
    "insType": "perpetual",
    "obj": "trades",
    "btc_price": 43380.27,
    "timestamp": 1706607612.0192726,
    "data": {
      "e": "aggTrade",
      "E": 1706607595760,
      "a": 294000780,
      "s": "BTCUSD_PERP",
      "p": "43376.8",
      "q": "11",
      "f": 721915393,
      "l": 721915395,
      "T": 1706607595604,
      "m": true
    }
  },
  {
    "exchange": "binance",
    "instrument": "btcusd",
    "insType": "perpetual",
    "obj": "trades",
    "btc_price": 43380.28,
    "timestamp": 1706607631.1496005,
    "data": {
      "e": "aggTrade",
      "E": 1706607599766,
      "a": 294000782,
      "s": "BTCUSD_PERP",
      "p": "43376.8",
      "q": "11",
      "f": 721915399,
      "l": 721915400,
      "T": 1706607599604,
      "m": true
    }
  },
  {
    "exchange": "binance",
    "instrument": "btcusd",
    "insType": "perpetual",
    "obj": "trades",
    "btc_price": 43380.28,
    "timestamp": 1706607631.1560795,
    "data": {
      "e": "aggTrade",
      "E": 1706607601734,
      "a": 294000784,
      "s": "BTCUSD_PERP",
      "p": "43376.8",
      "q": "12",
      "f": 721915418,
      "l": 721915419,
      "T": 1706607601569,
      "m": true
    }
  },
  {
    "exchange": "binance",
    "instrument": "btcusd",
    "insType": "perpetual",
    "obj": "trades",
    "btc_price": 43380.28,
    "timestamp": 1706607631.162861,
    "data": {
      "e": "aggTrade",
      "E": 1706607605778,
      "a": 294000786,
      "s": "BTCUSD_PERP",
      "p": "43376.8",
      "q": "11",
      "f": 721915422,
      "l": 721915423,
      "T": 1706607605620,
      "m": true
    }
  },
  {
    "exchange": "binance",
    "instrument": "btcusd",
    "insType": "perpetual",
    "obj": "trades",
    "btc_price": 43380.28,
    "timestamp": 1706607631.169313,
    "data": {
      "e": "aggTrade",
      "E": 1706607609782,
      "a": 294000788,
      "s": "BTCUSD_PERP",
      "p": "43376.8",
      "q": "11",
      "f": 721915428,
      "l": 721915429,
      "T": 1706607609622,
      "m": true
    }
  },
  {
    "exchange": "binance",
    "instrument": "btcusd",
    "insType": "perpetual",
    "obj": "trades",
    "btc_price": 43380.28,
    "timestamp": 1706607631.176175,
    "data": {
      "e": "aggTrade",
      "E": 1706607611891,
      "a": 294000790,
      "s": "BTCUSD_PERP",
      "p": "43376.8",
      "q": "2",
      "f": 721915431,
      "l": 721915431,
      "T": 1706607611729,
      "m": true
    }
  },
  {
    "exchange": "binance",
    "instrument": "btcusd",
    "insType": "perpetual",
    "obj": "trades",
    "btc_price": 43380.28,
    "timestamp": 1706607631.183592,
    "data": {
      "e": "aggTrade",
      "E": 1706607612293,
      "a": 294000792,
      "s": "BTCUSD_PERP",
      "p": "43376.8",
      "q": "1",
      "f": 721915433,
      "l": 721915433,
      "T": 1706607612129,
      "m": true
    }
  },
  {
    "exchange": "binance",
    "instrument": "btcusd",
    "insType": "perpetual",
    "obj": "trades",
    "btc_price": 43380.28,
    "timestamp": 1706607644.2706504,
    "data": {
      "e": "aggTrade",
      "E": 1706607612690,
      "a": 294000794,
      "s": "BTCUSD_PERP",
      "p": "43376.8",
      "q": "1",
      "f": 721915435,
      "l": 721915435,
      "T": 1706607612530,
      "m": true
    }
  },
  {
    "exchange": "binance",
    "instrument": "btcusd",
    "insType": "perpetual",
    "obj": "trades",
    "btc_price": 43380.28,
    "timestamp": 1706607644.2787957,
    "data": {
      "e": "aggTrade",
      "E": 1706607615895,
      "a": 294000796,
      "s": "BTCUSD_PERP",
      "p": "43376.8",
      "q": "10",
      "f": 721915437,
      "l": 721915437,
      "T": 1706607615737,
      "m": true
    }
  },
  {
    "exchange": "binance",
    "instrument": "btcusd",
    "insType": "perpetual",
    "obj": "trades",
    "btc_price": 43380.28,
    "timestamp": 1706607644.2866569,
    "data": {
      "e": "aggTrade",
      "E": 1706607616298,
      "a": 294000798,
      "s": "BTCUSD_PERP",
      "p": "43376.8",
      "q": "10",
      "f": 721915439,
      "l": 721915440,
      "T": 1706607616138,
      "m": true
    }
  },
  {
    "exchange": "binance",
    "instrument": "btcusd",
    "insType": "perpetual",
    "obj": "trades",
    "btc_price": 43380.28,
    "timestamp": 1706607644.2938457,
    "data": {
      "e": "aggTrade",
      "E": 1706607616694,
      "a": 294000800,
      "s": "BTCUSD_PERP",
      "p": "43376.8",
      "q": "9",
      "f": 721915442,
      "l": 721915442,
      "T": 1706607616538,
      "m": true
    }
  },
  {
    "exchange": "binance",
    "instrument": "btcusd",
    "insType": "perpetual",
    "obj": "trades",
    "btc_price": 43380.28,
    "timestamp": 1706607644.3013284,
    "data": {
      "e": "aggTrade",
      "E": 1706607617577,
      "a": 294000802,
      "s": "BTCUSD_PERP",
      "p": "43377.0",
      "q": "1",
      "f": 721915449,
      "l": 721915449,
      "T": 1706607617569,
      "m": false
    }
  },
  {
    "exchange": "binance",
    "instrument": "btcusd",
    "insType": "perpetual",
    "obj": "trades",
    "btc_price": 43380.28,
    "timestamp": 1706607644.3088348,
    "data": {
      "e": "aggTrade",
      "E": 1706607617721,
      "a": 294000804,
      "s": "BTCUSD_PERP",
      "p": "43379.3",
      "q": "10",
      "f": 721915451,
      "l": 721915452,
      "T": 1706607617571,
      "m": false
    }
  },
  {
    "exchange": "binance",
    "instrument": "btcusd",
    "insType": "perpetual",
    "obj": "trades",
    "btc_price": 43380.28,
    "timestamp": 1706607644.316507,
    "data": {
      "e": "aggTrade",
      "E": 1706607620298,
      "a": 294000806,
      "s": "BTCUSD_PERP",
      "p": "43379.3",
      "q": "10",
      "f": 721915454,
      "l": 721915454,
      "T": 1706607620138,
      "m": false
    }
  },
  {
    "exchange": "binance",
    "instrument": "btcusd",
    "insType": "perpetual",
    "obj": "trades",
    "btc_price": 43380.28,
    "timestamp": 1706607644.324389,
    "data": {
      "e": "aggTrade",
      "E": 1706607622588,
      "a": 294000808,
      "s": "BTCUSD_PERP",
      "p": "43379.3",
      "q": "6",
      "f": 721915456,
      "l": 721915458,
      "T": 1706607622432,
      "m": false
    }
  },
  {
    "exchange": "binance",
    "instrument": "btcusd",
    "insType": "perpetual",
    "obj": "trades",
    "btc_price": 43380.28,
    "timestamp": 1706607644.331992,
    "data": {
      "e": "aggTrade",
      "E": 1706607631150,
      "a": 294000810,
      "s": "BTCUSD_PERP",
      "p": "43379.2",
      "q": "1",
      "f": 721915460,
      "l": 721915460,
      "T": 1706607630990,
      "m": true
    }
  },
  {
    "exchange": "binance",
    "instrument": "btcusd",
    "insType": "perpetual",
    "obj": "trades",
    "btc_price": 43421.1,
    "timestamp": 1706608399.5138903,
    "data": {
      "e": "aggTrade",
      "E": 1706608377968,
      "a": 294001701,
      "s": "BTCUSD_PERP",
      "p": "43420.2",
      "q": "1",
      "f": 721917513,
      "l": 721917513,
      "T": 1706608377806,
      "m": true
    }
  },
  {
    "exchange": "binance",
    "instrument": "btcusd",
    "insType": "perpetual",
    "obj": "trades",
    "btc_price": 43421.1,
    "timestamp": 1706608399.5191975,
    "data": {
      "e": "aggTrade",
      "E": 1706608380027,
      "a": 294001703,
      "s": "BTCUSD_PERP",
      "p": "43420.2",
      "q": "2",
      "f": 721917515,
      "l": 721917515,
      "T": 1706608379868,
      "m": true
    }
  },
  {
    "exchange": "binance",
    "instrument": "btcusd",
    "insType": "perpetual",
    "obj": "trades",
    "btc_price": 43421.1,
    "timestamp": 1706608399.5239854,
    "data": {
      "e": "aggTrade",
      "E": 1706608382088,
      "a": 294001705,
      "s": "BTCUSD_PERP",
      "p": "43420.2",
      "q": "1",
      "f": 721917517,
      "l": 721917517,
      "T": 1706608381929,
      "m": true
    }
  },
  {
    "exchange": "binance",
    "instrument": "btcusd",
    "insType": "perpetual",
    "obj": "trades",
    "btc_price": 43421.1,
    "timestamp": 1706608399.5287118,
    "data": {
      "e": "aggTrade",
      "E": 1706608383402,
      "a": 294001707,
      "s": "BTCUSD_PERP",
      "p": "43420.2",
      "q": "16",
      "f": 721917519,
      "l": 721917520,
      "T": 1706608383243,
      "m": true
    }
  },
  {
    "exchange": "binance",
    "instrument": "btcusd",
    "insType": "perpetual",
    "obj": "trades",
    "btc_price": 43421.1,
    "timestamp": 1706608399.5333009,
    "data": {
      "e": "aggTrade",
      "E": 1706608384374,
      "a": 294001709,
      "s": "BTCUSD_PERP",
      "p": "43420.3",
      "q": "2857",
      "f": 721917522,
      "l": 721917565,
      "T": 1706608384216,
      "m": false
    }
  }
]