[
  {
    "exchange": "binance",
    "instrument": "btcusdt",
    "insType": "spot",
    "obj": "trades",
    "btc_price": 43390.78,
    "timestamp": 1706607143.9834993,
    "data": {
      "e": "aggTrade",
      "E": 1706607141502,
      "s": "BTCUSDT",
      "a": 2847763281,
      "p": "43390.78000000",
      "q": "0.01000000",
      "f": 3394908083,
      "l": 3394908083,
      "T": 1706607141501,
      "m": true,
      "M": true
    }
  },
  {
    "exchange": "binance",
    "instrument": "btcusdt",
    "insType": "spot",
    "obj": "trades",
    "btc_price": 43390.79,
    "timestamp": 1706607143.9837463,
    "data": {
      "e": "aggTrade",
      "E": 1706607143073,
      "s": "BTCUSDT",
      "a": 2847763284,
      "p": "43390.78000000",
      "q": "0.00036000",
      "f": 3394908086,
      "l": 3394908086,
      "T": 1706607143073,
      "m": true,
      "M": true
    }
  },
  {
    "exchange": "binance",
    "instrument": "btcusdt",
    "insType": "spot",
    "obj": "trades",
    "btc_price": 43390.79,
    "timestamp": 1706607145.7350104,
    "data": {
      "e": "aggTrade",
      "E": 1706607145591,
      "s": "BTCUSDT",
      "a": 2847763287,
      "p": "43390.78000000",
      "q": "0.01925000",
      "f": 3394908090,
      "l": 3394908090,
      "T": 1706607145591,
      "m": true,
      "M": true
    }
  },
  {
    "exchange": "binance",
    "instrument": "btcusdt",
    "insType": "spot",
    "obj": "trades",
    "btc_price": 43390.79,
    "timestamp": 1706607146.1880198,
    "data": {
      "e": "aggTrade",
      "E": 1706607146074,
      "s": "BTCUSDT",
      "a": 2847763290,
      "p": "43390.78000000",
      "q": "0.00058000",
      "f": 3394908093,
      "l": 3394908093,
      "T": 1706607146073,
      "m": true,
      "M": true
    }
  },
  {
    "exchange": "binance",
    "instrument": "btcusdt",
    "insType": "spot",
    "obj": "trades",
    "btc_price": 43390.78,
    "timestamp": 1706607147.0454702,
    "data": {
      "e": "aggTrade",
      "E": 1706607146930,
      "s": "BTCUSDT",
      "a": 2847763293,
      "p": "43390.78000000",
      "q": "0.01180000",
      "f": 3394908096,
      "l": 3394908096,
      "T": 1706607146930,
      "m": true,
      "M": true
    }
  },
  {
    "exchange": "binance",
    "instrument": "btcusdt",
    "insType": "spot",
    "obj": "trades",
    "btc_price": 43390.78,
    "timestamp": 1706607148.1530924,
    "data": {
      "e": "aggTrade",
      "E": 1706607148038,
      "s": "BTCUSDT",
      "a": 2847763296,
      "p": "43390.79000000",
      "q": "0.00017000",
      "f": 3394908099,
      "l": 3394908099,
      "T": 1706607148037,
      "m": false,
      "M": true
    }
  },
  {
    "exchange": "binance",
    "instrument": "btcusdt",
    "insType": "spot",
    "obj": "trades",
    "btc_price": 43390.78,
    "timestamp": 1706607148.9288087,
    "data": {
      "e": "aggTrade",
      "E": 1706607148809,
      "s": "BTCUSDT",
      "a": 2847763299,
      "p": "43390.79000000",
      "q": "0.00059000",
      "f": 3394908102,
      "l": 3394908102,
      "T": 1706607148808,
      "m": false,
      "M": true
    }
  },
  {
    "exchange": "binance",
    "instrument": "btcusdt",
    "insType": "spot",
    "obj": "trades",
    "btc_price": 43390.79,
    "timestamp": 1706607150.6724038,
    "data": {
      "e": "aggTrade",
      "E": 1706607150557,
      "s": "BTCUSDT",
      "a": 2847763302,
      "p": "43390.78000000",
      "q": "0.00265000",
      "f": 3394908106,
      "l": 3394908106,
      "T": 1706607150487,
      "m": true,
      "M": true
    }
  },
  {
    "exchange": "binance",
    "instrument": "btcusdt",
    "insType": "spot",
    "obj": "trades",
    "btc_price": 43390.78,
    "timestamp": 1706607151.8045325,
    "data": {
      "e": "aggTrade",
      "E": 1706607151689,
      "s": "BTCUSDT",
      "a": 2847763305,
      "p": "43390.79000000",
      "q": "0.00351000",
      "f": 3394908109,
      "l": 3394908109,
      "T": 1706607151688,
      "m": false,
      "M": true
    }
  },
  {
    "exchange": "binance",
    "instrument": "btcusdt",
    "insType": "spot",
    "obj": "trades",
    "btc_price": 43390.79,
    "timestamp": 1706607152.0563822,
    "data": {
      "e": "aggTrade",
      "E": 1706607151942,
      "s": "BTCUSDT",
      "a": 2847763308,
      "p": "43391.03000000",
      "q": "0.00021000",
      "f": 3394908117,
      "l": 3394908117,
      "T": 1706607151872,
      "m": false,
      "M": true
    }
  },
  {
    "exchange": "binance",
    "instrument": "btcusdt",
    "insType": "spot",
    "obj": "trades",
    "btc_price": 43391.27,
    "timestamp": 1706607152.079954,
    "data": {
      "e": "aggTrade",
      "E": 1706607151964,
      "s": "BTCUSDT",
      "a": 2847763311,
      "p": "43391.51000000",
      "q": "0.00021000",
      "f": 3394908121,
      "l": 3394908121,
      "T": 1706607151880,
      "m": false,
      "M": true
    }
  },
  {
    "exchange": "binance",
    "instrument": "btcusdt",
    "insType": "spot",
    "obj": "trades",
    "btc_price": 43391.88,
    "timestamp": 1706607152.0807726,
    "data": {
      "e": "aggTrade",
      "E": 1706607151964,
      "s": "BTCUSDT",
      "a": 2847763314,
      "p": "43391.99000000",
      "q": "0.00021000",
      "f": 3394908124,
      "l": 3394908124,
      "T": 1706607151880,
      "m": false,
      "M": true
    }
  },
  {
    "exchange": "binance",
    "instrument": "btcusdt",
    "insType": "spot",
    "obj": "trades",
    "btc_price": 43392.23,
    "timestamp": 1706607152.1623871,
    "data": {
      "e": "aggTrade",
      "E": 1706607152014,
      "s": "BTCUSDT",
      "a": 2847763317,
      "p": "43392.41000000",
      "q": "0.00058000",
      "f": 3394908127,
      "l": 3394908127,
      "T": 1706607151907,
      "m": false,
      "M": true
    }
  },
  {
    "exchange": "binance",
    "instrument": "btcusdt",
    "insType": "spot",
    "obj": "trades",
    "btc_price": 43392.71,
    "timestamp": 1706607152.1631052,
    "data": {
      "e": "aggTrade",
      "E": 1706607152021,
      "s": "BTCUSDT",
      "a": 2847763320,
      "p": "43392.95000000",
      "q": "0.00021000",
      "f": 3394908130,
      "l": 3394908130,
      "T": 1706607151910,
      "m": false,
      "M": true
    }
  },
  {
    "exchange": "binance",
    "instrument": "btcusdt",
    "insType": "spot",
    "obj": "trades",
    "btc_price": 43393.32,
    "timestamp": 1706607152.2564762,
    "data": {
      "e": "aggTrade",
      "E": 1706607152141,
      "s": "BTCUSDT",
      "a": 2847763323,
      "p": "43393.33000000",
      "q": "0.00473000",
      "f": 3394908133,
      "l": 3394908134,
      "T": 1706607151991,
      "m": false,
      "M": true
    }
  },
  {
    "exchange": "binance",
    "instrument": "btcusdt",
    "insType": "spot",
    "obj": "trades",
    "btc_price": 43393.33,
    "timestamp": 1706607152.473034,
    "data": {
      "e": "aggTrade",
      "E": 1706607152358,
      "s": "BTCUSDT",
      "a": 2847763326,
      "p": "43393.33000000",
      "q": "0.05544000",
      "f": 3394908137,
      "l": 3394908137,
      "T": 1706607152357,
      "m": false,
      "M": true
    }
  },
  {
    "exchange": "binance",
    "instrument": "btcusdt",
    "insType": "spot",
    "obj": "trades",
    "btc_price": 43393.32,
    "timestamp": 1706607153.3053856,
    "data": {
      "e": "aggTrade",
      "E": 1706607153174,
      "s": "BTCUSDT",
      "a": 2847763329,
      "p": "43393.33000000",
      "q": "0.00120000",
      "f": 3394908140,
      "l": 3394908140,
      "T": 1706607153173,
      "m": false,
      "M": true
    }
  },
  {
    "exchange": "binance",
    "instrument": "btcusdt",
    "insType": "spot",
    "obj": "trades",
    "btc_price": 43393.33,
    "timestamp": 1706607153.8071966,
    "data": {
      "e": "aggTrade",
      "E": 1706607153692,
      "s": "BTCUSDT",
      "a": 2847763332,
      "p": "43393.33000000",
      "q": "0.02125000",
      "f": 3394908143,
      "l": 3394908143,
      "T": 1706607153692,
      "m": false,
      "M": true
    }
  },
  {
    "exchange": "binance",
    "instrument": "btcusdt",
    "insType": "spot",
    "obj": "trades",
    "btc_price": 43393.33,
    "timestamp": 1706607154.4466262,
    "data": {
      "e": "aggTrade",
      "E": 1706607154331,
      "s": "BTCUSDT",
      "a": 2847763335,
      "p": "43393.33000000",
      "q": "0.00020000",
      "f": 3394908146,
      "l": 3394908146,
      "T": 1706607154331,
      "m": false,
      "M": true
    }
  },
  {
    "exchange": "binance",
    "instrument": "btcusdt",
    "insType": "spot",
    "obj": "trades",
    "btc_price": 43393.33,
    "timestamp": 1706607155.0580616,
    "data": {
      "e": "aggTrade",
      "E": 1706607154942,
      "s": "BTCUSDT",
      "a": 2847763338,
      "p": "43393.33000000",
      "q": "0.00355000",
      "f": 3394908149,
      "l": 3394908149,
      "T": 1706607154941,
      "m": false,
      "M": true
    }
  },
  {
    "exchange": "binance",
    "instrument": "btcusdt",
    "insType": "spot",
    "obj": "trades",
    "btc_price": 43393.32,
    "timestamp": 1706607156.7308517,
    "data": {
      "e": "aggTrade",
      "E": 1706607156608,
      "s": "BTCUSDT",
      "a": 2847763341,
      "p": "43393.33000000",
      "q": "0.02569000",
      "f": 3394908152,
      "l": 3394908152,
      "T": 1706607156607,
      "m": false,
      "M": true
    }
  },
  {
    "exchange": "binance",
    "instrument": "btcusdt",
    "insType": "spot",
    "obj": "trades",
    "btc_price": 43393.33,
    "timestamp": 1706607159.2526555,
    "data": {
      "e": "aggTrade",
      "E": 1706607159122,
      "s": "BTCUSDT",
      "a": 2847763344,
      "p": "43393.32000000",
      "q": "0.03550000",
      "f": 3394908155,
      "l": 3394908155,
      "T": 1706607159121,
      "m": true,
      "M": true
    }
  },
  {
    "exchange": "binance",
    "instrument": "btcusdt",
    "insType": "spot",
    "obj": "trades",
    "btc_price": 43393.33,
    "timestamp": 1706607161.3501477,
    "data": {
      "e": "aggTrade",
      "E": 1706607161226,
      "s": "BTCUSDT",
      "a": 2847763347,
      "p": "43393.32000000",
      "q": "0.00096000",
      "f": 3394908158,
      "l": 3394908158,
      "T": 1706607161226,
      "m": true,
      "M": true
    }
  },
  {
    "exchange": "binance",
    "instrument": "btcusdt",
    "insType": "spot",
    "obj": "trades",
    "btc_price": 43393.33,
    "timestamp": 1706607164.3237631,
    "data": {
      "e": "aggTrade",
      "E": 1706607164136,
      "s": "BTCUSDT",
      "a": 2847763350,
      "p": "43393.32000000",
      "q": "0.00263000",
      "f": 3394908161,
      "l": 3394908161,
      "T": 1706607164135,
      "m": true,
      "M": true
    }
  },
  {
    "exchange": "binance",
    "instrument": "btcusdt",
    "insType": "spot",
    "obj": "trades",
    "btc_price": 43393.33,
    "timestamp": 1706607166.2577736,
    "data": {
      "e": "aggTrade",
      "E": 1706607166074,
      "s": "BTCUSDT",
      "a": 2847763353,
      "p": "43393.33000000",
      "q": "0.04170000",
      "f": 3394908164,
      "l": 3394908164,
      "T": 1706607166073,
      "m": false,
      "M": true
    }
  },
  {
    "exchange": "binance",
    "instrument": "btcusdt",
    "insType": "spot",
    "obj": "trades",
    "btc_price": 43393.32,
    "timestamp": 1706607168.99948,
    "data": {
      "e": "aggTrade",
      "E": 1706607167107,
      "s": "BTCUSDT",
      "a": 2847763356,
      "p": "43393.32000000",
      "q": "0.00100000",
      "f": 3394908171,
      "l": 3394908171,
      "T": 1706607167106,
      "m": true,
      "M": true
    }
  },
  {
    "exchange": "binance",
    "instrument": "btcusdt",
    "insType": "spot",
    "obj": "trades",
    "btc_price": 43393.33,
    "timestamp": 1706607169.000977,
    "data": {
      "e": "aggTrade",
      "E": 1706607167402,
      "s": "BTCUSDT",
      "a": 2847763359,
      "p": "43393.32000000",
      "q": "0.10090000",
      "f": 3394908174,
      "l": 3394908175,
      "T": 1706607167401,
      "m": true,
      "M": true
    }
  },
  {
    "exchange": "binance",
    "instrument": "btcusdt",
    "insType": "spot",
    "obj": "trades",
    "btc_price": 43393.32,
    "timestamp": 1706607172.6485417,
    "data": {
      "e": "aggTrade",
      "E": 1706607170222,
      "s": "BTCUSDT",
      "a": 2847763362,
      "p": "43393.32000000",
      "q": "0.03933000",
      "f": 3394908180,
      "l": 3394908180,
      "T": 1706607170222,
      "m": true,
      "M": true
    }
  },
  {
    "exchange": "binance",
    "instrument": "btcusdt",
    "insType": "spot",
    "obj": "trades",
    "btc_price": 43393.32,
    "timestamp": 1706607175.2571046,
    "data": {
      "e": "aggTrade",
      "E": 1706607172120,
      "s": "BTCUSDT",
      "a": 2847763365,
      "p": "43393.33000000",
      "q": "0.00287000",
      "f": 3394908183,
      "l": 3394908183,
      "T": 1706607172119,
      "m": false,
      "M": true
    }
  },
  {
    "exchange": "binance",
    "instrument": "btcusdt",
    "insType": "spot",
    "obj": "trades",
    "btc_price": 43393.32,
    "timestamp": 1706607179.357381,
    "data": {
      "e": "aggTrade",
      "E": 1706607173339,
      "s": "BTCUSDT",
      "a": 2847763368,
      "p": "43393.32000000",
      "q": "0.00238000",
      "f": 3394908193,
      "l": 3394908193,
      "T": 1706607173338,
      "m": true,
      "M": true
    }
  },
  {
    "exchange": "binance",
    "instrument": "btcusdt",
    "insType": "spot",
    "obj": "trades",
    "btc_price": 43393.33,
    "timestamp": 1706607179.3592362,
    "data": {
      "e": "aggTrade",
      "E": 1706607174082,
      "s": "BTCUSDT",
      "a": 2847763371,
      "p": "43393.32000000",
      "q": "0.00588000",
      "f": 3394908196,
      "l": 3394908196,
      "T": 1706607174082,
      "m": true,
      "M": true
    }
  },
  {
    "exchange": "binance",
    "instrument": "btcusdt",
    "insType": "spot",
    "obj": "trades",
    "btc_price": 43393.33,
    "timestamp": 1706607179.3609686,
    "data": {
      "e": "aggTrade",
      "E": 1706607175281,
      "s": "BTCUSDT",
      "a": 2847763374,
      "p": "43393.32000000",
      "q": "0.00087000",
      "f": 3394908201,
      "l": 3394908201,
      "T": 1706607175280,
      "m": true,
      "M": true
    }
  },
  {
    "exchange": "binance",
    "instrument": "btcusdt",
    "insType": "spot",
    "obj": "trades",
    "btc_price": 43393.33,
    "timestamp": 1706607184.8747149,
    "data": {
      "e": "aggTrade",
      "E": 1706607175674,
      "s": "BTCUSDT",
      "a": 2847763377,
      "p": "43393.32000000",
      "q": "0.00060000",
      "f": 3394908204,
      "l": 3394908204,
      "T": 1706607175673,
      "m": true,
      "M": true
    }
  },
  {
    "exchange": "binance",
    "instrument": "btcusdt",
    "insType": "spot",
    "obj": "trades",
    "btc_price": 43393.32,
    "timestamp": 1706607184.8768742,
    "data": {
      "e": "aggTrade",
      "E": 1706607176974,
      "s": "BTCUSDT",
      "a": 2847763380,
      "p": "43393.32000000",
      "q": "0.00460000",
      "f": 3394908207,
      "l": 3394908207,
      "T": 1706607176973,
      "m": true,
      "M": true
    }
  },
  {
    "exchange": "binance",
    "instrument": "btcusdt",
    "insType": "spot",
    "obj": "trades",
    "btc_price": 43393.32,
    "timestamp": 1706607184.8790395,
    "data": {
      "e": "aggTrade",
      "E": 1706607177500,
      "s": "BTCUSDT",
      "a": 2847763383,
      "p": "43393.32000000",
      "q": "0.00496000",
      "f": 3394908210,
      "l": 3394908210,
      "T": 1706607177499,
      "m": true,
      "M": true
    }
  },
  {
    "exchange": "binance",
    "instrument": "btcusdt",
    "insType": "spot",
    "obj": "trades",
    "btc_price": 43393.33,
    "timestamp": 1706607184.8813198,
    "data": {
      "e": "aggTrade",
      "E": 1706607177904,
      "s": "BTCUSDT",
      "a": 2847763386,
      "p": "43393.33000000",
      "q": "0.00024000",
      "f": 3394908213,
      "l": 3394908213,
      "T": 1706607177825,
      "m": false,
      "M": true
    }
  },
  {
    "exchange": "binance",
    "instrument": "btcusdt",
    "insType": "spot",
    "obj": "trades",
    "btc_price": 43393.33,
    "timestamp": 1706607184.8832886,
    "data": {
      "e": "aggTrade",
      "E": 1706607177962,
      "s": "BTCUSDT",
      "a": 2847763389,
      "p": "43393.33000000",
      "q": "0.00965000",
      "f": 3394908216,
      "l": 3394908216,
      "T": 1706607177962,
      "m": false,
      "M": true
    }
  },
  {
    "exchange": "binance",
    "instrument": "btcusdt",
    "insType": "spot",
    "obj": "trades",
    "btc_price": 43393.32,
    "timestamp": 1706607184.8847706,
    "data": {
      "e": "aggTrade",
      "E": 1706607178654,
      "s": "BTCUSDT",
      "a": 2847763392,
      "p": "43393.33000000",
      "q": "0.00016000",
      "f": 3394908219,
      "l": 3394908219,
      "T": 1706607178654,
      "m": false,
      "M": true
    }
  },
  {
    "exchange": "binance",
    "instrument": "btcusdt",
    "insType": "spot",
    "obj": "trades",
    "btc_price": 43393.33,
    "timestamp": 1706607184.8869116,
    "data": {
      "e": "aggTrade",
      "E": 1706607179113,
      "s": "BTCUSDT",
      "a": 2847763395,
      "p": "43393.33000000",
      "q": "0.00084000",
      "f": 3394908222,
      "l": 3394908222,
      "T": 1706607179113,
      "m": false,
      "M": true
    }
  },
  {
    "exchange": "binance",
    "instrument": "btcusdt",
    "insType": "spot",
    "obj": "trades",
    "btc_price": 43393.32,
    "timestamp": 1706607186.9853425,
    "data": {
      "e": "aggTrade",
      "E": 1706607179966,
      "s": "BTCUSDT",
      "a": 2847763398,
      "p": "43393.32000000",
      "q": "0.00109000",
      "f": 3394908225,
      "l": 3394908225,
      "T": 1706607179966,
      "m": true,
      "M": true
    }
  },
  {
    "exchange": "binance",
    "instrument": "btcusdt",
    "insType": "spot",
    "obj": "trades",
    "btc_price": 43393.33,
    "timestamp": 1706607186.987388,
    "data": {
      "e": "aggTrade",
      "E": 1706607179973,
      "s": "BTCUSDT",
      "a": 2847763401,
      "p": "43393.32000000",
      "q": "0.00242000",
      "f": 3394908228,
      "l": 3394908228,
      "T": 1706607179973,
      "m": true,
      "M": true
    }
  },
  {
    "exchange": "binance",
    "instrument": "btcusdt",
    "insType": "spot",
    "obj": "trades",
    "btc_price": 43393.33,
    "timestamp": 1706607186.9894254,
    "data": {
      "e": "aggTrade",
      "E": 1706607179977,
      "s": "BTCUSDT",
      "a": 2847763404,
      "p": "43393.33000000",
      "q": "0.00174000",
      "f": 3394908231,
      "l": 3394908231,
      "T": 1706607179977,
      "m": false,
      "M": true
    }
  },
  {
    "exchange": "binance",
    "instrument": "btcusdt",
    "insType": "spot",
    "obj": "trades",
    "btc_price": 43393.33,
    "timestamp": 1706607186.9915805,
    "data": {
      "e": "aggTrade",
      "E": 1706607179980,
      "s": "BTCUSDT",
      "a": 2847763407,
      "p": "43393.33000000",
      "q": "0.00092000",
      "f": 3394908234,
      "l": 3394908234,
      "T": 1706607179979,
      "m": false,
      "M": true
    }
  },
  {
    "exchange": "binance",
    "instrument": "btcusdt",
    "insType": "spot",
    "obj": "trades",
    "btc_price": 43393.33,
    "timestamp": 1706607186.9936337,
    "data": {
      "e": "aggTrade",
      "E": 1706607179983,
      "s": "BTCUSDT",
      "a": 2847763410,
      "p": "43393.33000000",
      "q": "0.00116000",
      "f": 3394908237,
      "l": 3394908237,
      "T": 1706607179983,
      "m": false,
      "M": true
    }
  },
  {
    "exchange": "binance",
    "instrument": "btcusdt",
    "insType": "spot",
    "obj": "trades",
    "btc_price": 43393.32,
    "timestamp": 1706607186.995762,
    "data": {
      "e": "aggTrade",
      "E": 1706607179985,
      "s": "BTCUSDT",
      "a": 2847763413,
      "p": "43393.32000000",
      "q": "0.00226000",
      "f": 3394908240,
      "l": 3394908240,
      "T": 1706607179985,
      "m": true,
      "M": true
    }
  },
  {
    "exchange": "binance",
    "instrument": "btcusdt",
    "insType": "spot",
    "obj": "trades",
    "btc_price": 43393.33,
    "timestamp": 1706607186.9980762,
    "data": {
      "e": "aggTrade",
      "E": 1706607179987,
      "s": "BTCUSDT",
      "a": 2847763416,
      "p": "43393.32000000",
      "q": "0.00059000",
      "f": 3394908243,
      "l": 3394908243,
      "T": 1706607179986,
      "m": true,
      "M": true
    }
  },
  {
    "exchange": "binance",
    "instrument": "btcusdt",
    "insType": "spot",
    "obj": "trades",
    "btc_price": 43393.32,
    "timestamp": 1706607187.000127,
    "data": {
      "e": "aggTrade",
      "E": 1706607179988,
      "s": "BTCUSDT",
      "a": 2847763419,
      "p": "43393.32000000",
      "q": "0.00048000",
      "f": 3394908246,
      "l": 3394908246,
      "T": 1706607179987,
      "m": true,
      "M": true
    }
  },
  {
    "exchange": "binance",
    "instrument": "btcusdt",
    "insType": "spot",
    "obj": "trades",
    "btc_price": 43393.33,
    "timestamp": 1706607187.0025156,
    "data": {
      "e": "aggTrade",
      "E": 1706607179990,
      "s": "BTCUSDT",
      "a": 2847763422,
      "p": "43393.32000000",
      "q": "0.00224000",
      "f": 3394908249,
      "l": 3394908249,
      "T": 1706607179990,
      "m": true,
      "M": true
    }
  },
  {
    "exchange": "binance",
    "instrument": "btcusdt",
    "insType": "spot",
    "obj": "trades",
    "btc_price": 43393.32,
    "timestamp": 1706607187.004828,
    "data": {
      "e": "aggTrade",
      "E": 1706607179993,
      "s": "BTCUSDT",
      "a": 2847763425,
      "p": "43393.33000000",
      "q": "0.00047000",
      "f": 3394908252,
      "l": 3394908252,
      "T": 1706607179992,
      "m": false,
      "M": true
    }
  },
  {
    "exchange": "binance",
    "instrument": "btcusdt",
    "insType": "spot",
    "obj": "trades",
    "btc_price": 43393.32,
    "timestamp": 1706607187.0072331,
    "data": {
      "e": "aggTrade",
      "E": 1706607179998,
      "s": "BTCUSDT",
      "a": 2847763428,
      "p": "43393.33000000",
      "q": "0.00245000",
      "f": 3394908255,
      "l": 3394908255,
      "T": 1706607179997,
      "m": false,
      "M": true
    }
  },
  {
    "exchange": "binance",
    "instrument": "btcusdt",
    "insType": "spot",
    "obj": "trades",
    "btc_price": 43393.33,
    "timestamp": 1706607192.6621969,
    "data": {
      "e": "aggTrade",
      "E": 1706607179998,
      "s": "BTCUSDT",
      "a": 2847763431,
      "p": "43393.32000000",
      "q": "0.00148000",
      "f": 3394908258,
      "l": 3394908258,
      "T": 1706607179998,
      "m": true,
      "M": true
    }
  },
  {
    "exchange": "binance",
    "instrument": "btcusdt",
    "insType": "spot",
    "obj": "trades",
    "btc_price": 43393.32,
    "timestamp": 1706607192.6640117,
    "data": {
      "e": "aggTrade",
      "E": 1706607179999,
      "s": "BTCUSDT",
      "a": 2847763434,
      "p": "43393.33000000",
      "q": "0.00056000",
      "f": 3394908261,
      "l": 3394908261,
      "T": 1706607179999,
      "m": false,
      "M": true
    }
  },
  {
    "exchange": "binance",
    "instrument": "btcusdt",
    "insType": "spot",
    "obj": "trades",
    "btc_price": 43393.33,
    "timestamp": 1706607192.6660357,
    "data": {
      "e": "aggTrade",
      "E": 1706607180000,
      "s": "BTCUSDT",
      "a": 2847763437,
      "p": "43393.32000000",
      "q": "0.00133000",
      "f": 3394908264,
      "l": 3394908264,
      "T": 1706607180000,
      "m": true,
      "M": true
    }
  },
  {
    "exchange": "binance",
    "instrument": "btcusdt",
    "insType": "spot",
    "obj": "trades",
    "btc_price": 43393.33,
    "timestamp": 1706607192.6683295,
    "data": {
      "e": "aggTrade",
      "E": 1706607180000,
      "s": "BTCUSDT",
      "a": 2847763440,
      "p": "43393.33000000",
      "q": "0.00178000",
      "f": 3394908267,
      "l": 3394908267,
      "T": 1706607180000,
      "m": false,
      "M": true
    }
  },
  {
    "exchange": "binance",
    "instrument": "btcusdt",
    "insType": "spot",
    "obj": "trades",
    "btc_price": 43393.32,
    "timestamp": 1706607192.6705735,
    "data": {
      "e": "aggTrade",
      "E": 1706607180003,
      "s": "BTCUSDT",
      "a": 2847763443,
      "p": "43393.33000000",
      "q": "0.15985000",
      "f": 3394908270,
      "l": 3394908270,
      "T": 1706607180001,
      "m": false,
      "M": true
    }
  },
  {
    "exchange": "binance",
    "instrument": "btcusdt",
    "insType": "spot",
    "obj": "trades",
    "btc_price": 43393.33,
    "timestamp": 1706607192.6735117,
    "data": {
      "e": "aggTrade",
      "E": 1706607180006,
      "s": "BTCUSDT",
      "a": 2847763446,
      "p": "43393.34000000",
      "q": "0.00058000",
      "f": 3394908298,
      "l": 3394908298,
      "T": 1706607180003,
      "m": false,
      "M": true
    }
  },
  {
    "exchange": "binance",
    "instrument": "btcusdt",
    "insType": "spot",
    "obj": "trades",
    "btc_price": 43393.67,
    "timestamp": 1706607192.675604,
    "data": {
      "e": "aggTrade",
      "E": 1706607180006,
      "s": "BTCUSDT",
      "a": 2847763449,
      "p": "43393.91000000",
      "q": "0.00171000",
      "f": 3394908301,
      "l": 3394908304,
      "T": 1706607180003,
      "m": false,
      "M": true
    }
  },
  {
    "exchange": "binance",
    "instrument": "btcusdt",
    "insType": "spot",
    "obj": "trades",
    "btc_price": 43394.0,
    "timestamp": 1706607192.6777372,
    "data": {
      "e": "aggTrade",
      "E": 1706607180008,
      "s": "BTCUSDT",
      "a": 2847763452,
      "p": "43394.00000000",
      "q": "0.27136000",
      "f": 3394908307,
      "l": 3394908308,
      "T": 1706607180003,
      "m": false,
      "M": true
    }
  },
  {
    "exchange": "binance",
    "instrument": "btcusdt",
    "insType": "spot",
    "obj": "trades",
    "btc_price": 43394.28,
    "timestamp": 1706607192.6798086,
    "data": {
      "e": "aggTrade",
      "E": 1706607180008,
      "s": "BTCUSDT",
      "a": 2847763455,
      "p": "43394.39000000",
      "q": "0.00021000",
      "f": 3394908311,
      "l": 3394908311,
      "T": 1706607180003,
      "m": false,
      "M": true
    }
  },
  {
    "exchange": "binance",
    "instrument": "btcusdt",
    "insType": "spot",
    "obj": "trades",
    "btc_price": 43394.68,
    "timestamp": 1706607192.6822119,
    "data": {
      "e": "aggTrade",
      "E": 1706607180008,
      "s": "BTCUSDT",
      "a": 2847763458,
      "p": "43394.87000000",
      "q": "0.00021000",
      "f": 3394908314,
      "l": 3394908314,
      "T": 1706607180003,
      "m": false,
      "M": true
    }
  },
  {
    "exchange": "binance",
    "instrument": "btcusdt",
    "insType": "spot",
    "obj": "trades",
    "btc_price": 43395.35,
    "timestamp": 1706607192.6844494,
    "data": {
      "e": "aggTrade",
      "E": 1706607180008,
      "s": "BTCUSDT",
      "a": 2847763461,
      "p": "43395.59000000",
      "q": "0.00021000",
      "f": 3394908317,
      "l": 3394908317,
      "T": 1706607180003,
      "m": false,
      "M": true
    }
  },
  {
    "exchange": "binance",
    "instrument": "btcusdt",
    "insType": "spot",
    "obj": "trades",
    "btc_price": 43395.83,
    "timestamp": 1706607198.0959735,
    "data": {
      "e": "aggTrade",
      "E": 1706607180008,
      "s": "BTCUSDT",
      "a": 2847763464,
      "p": "43396.00000000",
      "q": "0.24070000",
      "f": 3394908320,
      "l": 3394908320,
      "T": 1706607180003,
      "m": false,
      "M": true
    }
  },
  {
    "exchange": "binance",
    "instrument": "btcusdt",
    "insType": "spot",
    "obj": "trades",
    "btc_price": 43396.22,
    "timestamp": 1706607198.0981092,
    "data": {
      "e": "aggTrade",
      "E": 1706607180008,
      "s": "BTCUSDT",
      "a": 2847763467,
      "p": "43396.26000000",
      "q": "0.00019000",
      "f": 3394908323,
      "l": 3394908323,
      "T": 1706607180003,
      "m": false,
      "M": true
    }
  },
  {
    "exchange": "binance",
    "instrument": "btcusdt",
    "insType": "spot",
    "obj": "trades",
    "btc_price": 43396.4,
    "timestamp": 1706607198.100325,
    "data": {
      "e": "aggTrade",
      "E": 1706607180008,
      "s": "BTCUSDT",
      "a": 2847763470,
      "p": "43396.45000000",
      "q": "2.81876000",
      "f": 3394908326,
      "l": 3394908328,
      "T": 1706607180003,
      "m": false,
      "M": true
    }
  },
  {
    "exchange": "binance",
    "instrument": "btcusdt",
    "insType": "spot",
    "obj": "trades",
    "btc_price": 43396.45,
    "timestamp": 1706607198.1022832,
    "data": {
      "e": "aggTrade",
      "E": 1706607180009,
      "s": "BTCUSDT",
      "a": 2847763473,
      "p": "43396.45000000",
      "q": "0.00206000",
      "f": 3394908332,
      "l": 3394908332,
      "T": 1706607180003,
      "m": false,
      "M": true
    }
  },
  {
    "exchange": "binance",
    "instrument": "btcusdt",
    "insType": "spot",
    "obj": "trades",
    "btc_price": 43396.45,
    "timestamp": 1706607198.1041958,
    "data": {
      "e": "aggTrade",
      "E": 1706607180016,
      "s": "BTCUSDT",
      "a": 2847763476,
      "p": "43396.45000000",
      "q": "0.08000000",
      "f": 3394908335,
      "l": 3394908335,
      "T": 1706607180004,
      "m": false,
      "M": true
    }
  },
  {
    "exchange": "binance",
    "instrument": "btcusdt",
    "insType": "spot",
    "obj": "trades",
    "btc_price": 43396.45,
    "timestamp": 1706607198.106198,
    "data": {
      "e": "aggTrade",
      "E": 1706607180022,
      "s": "BTCUSDT",
      "a": 2847763479,
      "p": "43396.45000000",
      "q": "0.21527000",
      "f": 3394908343,
      "l": 3394908343,
      "T": 1706607180005,
      "m": false,
      "M": true
    }
  },
  {
    "exchange": "binance",
    "instrument": "btcusdt",
    "insType": "spot",
    "obj": "trades",
    "btc_price": 43396.45,
    "timestamp": 1706607198.1081483,
    "data": {
      "e": "aggTrade",
      "E": 1706607180027,
      "s": "BTCUSDT",
      "a": 2847763482,
      "p": "43396.45000000",
      "q": "2.97836000",
      "f": 3394908346,
      "l": 3394908349,
      "T": 1706607180005,
      "m": false,
      "M": true
    }
  },
  {
    "exchange": "binance",
    "instrument": "btcusdt",
    "insType": "spot",
    "obj": "trades",
    "btc_price": 43396.45,
    "timestamp": 1706607198.1102273,
    "data": {
      "e": "aggTrade",
      "E": 1706607180031,
      "s": "BTCUSDT",
      "a": 2847763485,
      "p": "43395.93000000",
      "q": "0.00036000",
      "f": 3394908353,
      "l": 3394908353,
      "T": 1706607180006,
      "m": true,
      "M": true
    }
  },
  {
    "exchange": "binance",
    "instrument": "btcusdt",
    "insType": "spot",
    "obj": "trades",
    "btc_price": 43396.5,
    "timestamp": 1706607198.112243,
    "data": {
      "e": "aggTrade",
      "E": 1706607180037,
      "s": "BTCUSDT",
      "a": 2847763488,
      "p": "43396.53000000",
      "q": "0.00017000",
      "f": 3394908357,
      "l": 3394908357,
      "T": 1706607180006,
      "m": false,
      "M": true
    }
  },
  {
    "exchange": "binance",
    "instrument": "btcusdt",
    "insType": "spot",
    "obj": "trades",
    "btc_price": 43396.79,
    "timestamp": 1706607198.114264,
    "data": {
      "e": "aggTrade",
      "E": 1706607180037,
      "s": "BTCUSDT",
      "a": 2847763491,
      "p": "43397.03000000",
      "q": "0.00021000",
      "f": 3394908360,
      "l": 3394908360,
      "T": 1706607180006,
      "m": false,
      "M": true
    }
  },
  {
    "exchange": "binance",
    "instrument": "btcusdt",
    "insType": "spot",
    "obj": "trades",
    "btc_price": 43397.27,
    "timestamp": 1706607203.4935892,
    "data": {
      "e": "aggTrade",
      "E": 1706607180037,
      "s": "BTCUSDT",
      "a": 2847763494,
      "p": "43397.51000000",
      "q": "0.00021000",
      "f": 3394908363,
      "l": 3394908363,
      "T": 1706607180006,
      "m": false,
      "M": true
    }
  },
  {
    "exchange": "binance",
    "instrument": "btcusdt",
    "insType": "spot",
    "obj": "trades",
    "btc_price": 43397.72,
    "timestamp": 1706607203.4955661,
    "data": {
      "e": "aggTrade",
      "E": 1706607180037,
      "s": "BTCUSDT",
      "a": 2847763497,
      "p": "43397.75000000",
      "q": "0.00033000",
      "f": 3394908366,
      "l": 3394908367,
      "T": 1706607180006,
      "m": false,
      "M": true
    }
  },
  {
    "exchange": "binance",
    "instrument": "btcusdt",
    "insType": "spot",
    "obj": "trades",
    "btc_price": 43397.99,
    "timestamp": 1706607203.4976017,
    "data": {
      "e": "aggTrade",
      "E": 1706607180037,
      "s": "BTCUSDT",
      "a": 2847763500,
      "p": "43398.23000000",
      "q": "0.00021000",
      "f": 3394908370,
      "l": 3394908370,
      "T": 1706607180006,
      "m": false,
      "M": true
    }
  },
  {
    "exchange": "binance",
    "instrument": "btcusdt",
    "insType": "spot",
    "obj": "trades",
    "btc_price": 43399.21,
    "timestamp": 1706607203.4996252,
    "data": {
      "e": "aggTrade",
      "E": 1706607180037,
      "s": "BTCUSDT",
      "a": 2847763503,
      "p": "43399.33000000",
      "q": "0.04609000",
      "f": 3394908374,
      "l": 3394908374,
      "T": 1706607180006,
      "m": false,
      "M": true
    }
  },
  {
    "exchange": "binance",
    "instrument": "btcusdt",
    "insType": "spot",
    "obj": "trades",
    "btc_price": 43399.74,
    "timestamp": 1706607203.5017805,
    "data": {
      "e": "aggTrade",
      "E": 1706607180037,
      "s": "BTCUSDT",
      "a": 2847763506,
      "p": "43399.90000000",
      "q": "0.00012000",
      "f": 3394908377,
      "l": 3394908377,
      "T": 1706607180006,
      "m": false,
      "M": true
    }
  },
  {
    "exchange": "binance",
    "instrument": "btcusdt",
    "insType": "spot",
    "obj": "trades",
    "btc_price": 43400.0,
    "timestamp": 1706607203.5038283,
    "data": {
      "e": "aggTrade",
      "E": 1706607180039,
      "s": "BTCUSDT",
      "a": 2847763509,
      "p": "43400.00000000",
      "q": "2.12781000",
      "f": 3394908380,
      "l": 3394908380,
      "T": 1706607180006,
      "m": false,
      "M": true
    }
  },
  {
    "exchange": "binance",
    "instrument": "btcusdt",
    "insType": "spot",
    "obj": "trades",
    "btc_price": 43400.0,
    "timestamp": 1706607203.5059497,
    "data": {
      "e": "aggTrade",
      "E": 1706607180054,
      "s": "BTCUSDT",
      "a": 2847763512,
      "p": "43400.00000000",
      "q": "0.00216000",
      "f": 3394908383,
      "l": 3394908383,
      "T": 1706607180008,
      "m": false,
      "M": true
    }
  },
  {
    "exchange": "binance",
    "instrument": "btcusdt",
    "insType": "spot",
    "obj": "trades",
    "btc_price": 43400.0,
    "timestamp": 1706607203.5080302,
    "data": {
      "e": "aggTrade",
      "E": 1706607180056,
      "s": "BTCUSDT",
      "a": 2847763515,
      "p": "43400.00000000",
      "q": "0.20348000",
      "f": 3394908386,
      "l": 3394908386,
      "T": 1706607180008,
      "m": false,
      "M": true
    }
  },
  {
    "exchange": "binance",
    "instrument": "btcusdt",
    "insType": "spot",
    "obj": "trades",
    "btc_price": 43400.0,
    "timestamp": 1706607203.5101578,
    "data": {
      "e": "aggTrade",
      "E": 1706607180059,
      "s": "BTCUSDT",
      "a": 2847763518,
      "p": "43400.00000000",
      "q": "1.24225000",
      "f": 3394908389,
      "l": 3394908389,
      "T": 1706607180008,
      "m": false,
      "M": true
    }
  },
  {
    "exchange": "binance",
    "instrument": "btcusdt",
    "insType": "spot",
    "obj": "trades",
    "btc_price": 43400.0,
    "timestamp": 1706607203.5123527,
    "data": {
      "e": "aggTrade",
      "E": 1706607180061,
      "s": "BTCUSDT",
      "a": 2847763521,
      "p": "43400.00000000",
      "q": "0.38966000",
      "f": 3394908392,
      "l": 3394908392,
      "T": 1706607180008,
      "m": false,
      "M": true
    }
  },
  {
    "exchange": "binance",
    "instrument": "btcusdt",
    "insType": "spot",
    "obj": "trades",
    "btc_price": 43400.0,
    "timestamp": 1706607203.5145845,
    "data": {
      "e": "aggTrade",
      "E": 1706607180066,
      "s": "BTCUSDT",
      "a": 2847763524,
      "p": "43399.84000000",
      "q": "0.00240000",
      "f": 3394908395,
      "l": 3394908395,
      "T": 1706607180008,
      "m": true,
      "M": true
    }
  },
  {
    "exchange": "binance",
    "instrument": "btcusdt",
    "insType": "spot",
    "obj": "trades",
    "btc_price": 43400.0,
    "timestamp": 1706607208.7864993,
    "data": {
      "e": "aggTrade",
      "E": 1706607180070,
      "s": "BTCUSDT",
      "a": 2847763527,
      "p": "43400.00000000",
      "q": "1.61211000",
      "f": 3394908398,
      "l": 3394908398,
      "T": 1706607180008,
      "m": false,
      "M": true
    }
  },
  {
    "exchange": "binance",
    "instrument": "btcusdt",
    "insType": "spot",
    "obj": "trades",
    "btc_price": 43400.0,
    "timestamp": 1706607208.789394,
    "data": {
      "e": "aggTrade",
      "E": 1706607180076,
      "s": "BTCUSDT",
      "a": 2847763530,
      "p": "43400.00000000",
      "q": "2.04486000",
      "f": 3394908401,
      "l": 3394908401,
      "T": 1706607180009,
      "m": false,
      "M": true
    }
  },
  {
    "exchange": "binance",
    "instrument": "btcusdt",
    "insType": "spot",
    "obj": "trades",
    "btc_price": 43400.0,
    "timestamp": 1706607208.7917082,
    "data": {
      "e": "aggTrade",
      "E": 1706607180081,
      "s": "BTCUSDT",
      "a": 2847763533,
      "p": "43400.00000000",
      "q": "0.17923000",
      "f": 3394908408,
      "l": 3394908408,
      "T": 1706607180009,
      "m": false,
      "M": true
    }
  },
  {
    "exchange": "binance",
    "instrument": "btcusdt",
    "insType": "spot",
    "obj": "trades",
    "btc_price": 43400.0,
    "timestamp": 1706607208.7949512,
    "data": {
      "e": "aggTrade",
      "E": 1706607180085,
      "s": "BTCUSDT",
      "a": 2847763536,
      "p": "43400.00000000",
      "q": "0.00066000",
      "f": 3394908411,
      "l": 3394908411,
      "T": 1706607180009,
      "m": false,
      "M": true
    }
  },
  {
    "exchange": "binance",
    "instrument": "btcusdt",
    "insType": "spot",
    "obj": "trades",
    "btc_price": 43400.0,
    "timestamp": 1706607208.7985647,
    "data": {
      "e": "aggTrade",
      "E": 1706607180096,
      "s": "BTCUSDT",
      "a": 2847763539,
      "p": "43400.21000000",
      "q": "0.01152000",
      "f": 3394908414,
      "l": 3394908414,
      "T": 1706607180010,
      "m": false,
      "M": true
    }
  },
  {
    "exchange": "binance",
    "instrument": "btcusdt",
    "insType": "spot",
    "obj": "trades",
    "btc_price": 43400.34,
    "timestamp": 1706607208.8010173,
    "data": {
      "e": "aggTrade",
      "E": 1706607180096,
      "s": "BTCUSDT",
      "a": 2847763542,
      "p": "43400.56000000",
      "q": "0.00012000",
      "f": 3394908417,
      "l": 3394908417,
      "T": 1706607180010,
      "m": false,
      "M": true
    }
  },
  {
    "exchange": "binance",
    "instrument": "btcusdt",
    "insType": "spot",
    "obj": "trades",
    "btc_price": 43400.88,
    "timestamp": 1706607208.803383,
    "data": {
      "e": "aggTrade",
      "E": 1706607180096,
      "s": "BTCUSDT",
      "a": 2847763545,
      "p": "43401.00000000",
      "q": "0.00024000",
      "f": 3394908420,
      "l": 3394908420,
      "T": 1706607180010,
      "m": false,
      "M": true
    }
  },
  {
    "exchange": "binance",
    "instrument": "btcusdt",
    "insType": "spot",
    "obj": "trades",
    "btc_price": 43401.59,
    "timestamp": 1706607208.8074074,
    "data": {
      "e": "aggTrade",
      "E": 1706607180097,
      "s": "BTCUSDT",
      "a": 2847763548,
      "p": "43401.63000000",
      "q": "0.05905000",
      "f": 3394908423,
      "l": 3394908423,
      "T": 1706607180010,
      "m": false,
      "M": true
    }
  },
  {
    "exchange": "binance",
    "instrument": "btcusdt",
    "insType": "spot",
    "obj": "trades",
    "btc_price": 43402.05,
    "timestamp": 1706607208.8103628,
    "data": {
      "e": "aggTrade",
      "E": 1706607180097,
      "s": "BTCUSDT",
      "a": 2847763551,
      "p": "43402.14000000",
      "q": "0.01000000",
      "f": 3394908426,
      "l": 3394908426,
      "T": 1706607180010,
      "m": false,
      "M": true
    }
  },
  {
    "exchange": "binance",
    "instrument": "btcusdt",
    "insType": "spot",
    "obj": "trades",
    "btc_price": 43402.87,
    "timestamp": 1706607208.8129094,
    "data": {
      "e": "aggTrade",
      "E": 1706607180097,
      "s": "BTCUSDT",
      "a": 2847763554,
      "p": "43403.36000000",
      "q": "0.00295000",
      "f": 3394908429,
      "l": 3394908429,
      "T": 1706607180010,
      "m": false,
      "M": true
    }
  },
  {
    "exchange": "binance",
    "instrument": "btcusdt",
    "insType": "spot",
    "obj": "trades",
    "btc_price": 43404.18,
    "timestamp": 1706607208.815323,
    "data": {
      "e": "aggTrade",
      "E": 1706607180097,
      "s": "BTCUSDT",
      "a": 2847763557,
      "p": "43404.20000000",
      "q": "0.00012000",
      "f": 3394908432,
      "l": 3394908432,
      "T": 1706607180010,
      "m": false,
      "M": true
    }
  },
  {
    "exchange": "binance",
    "instrument": "btcusdt",
    "insType": "spot",
    "obj": "trades",
    "btc_price": 43404.9,
    "timestamp": 1706607214.3291612,
    "data": {
      "e": "aggTrade",
      "E": 1706607180097,
      "s": "BTCUSDT",
      "a": 2847763560,
      "p": "43404.96000000",
      "q": "0.14229000",
      "f": 3394908435,
      "l": 3394908435,
      "T": 1706607180010,
      "m": false,
      "M": true
    }
  },
  {
    "exchange": "binance",
    "instrument": "btcusdt",
    "insType": "spot",
    "obj": "trades",
    "btc_price": 43405.32,
    "timestamp": 1706607214.331937,
    "data": {
      "e": "aggTrade",
      "E": 1706607180097,
      "s": "BTCUSDT",
      "a": 2847763563,
      "p": "43406.35000000",
      "q": "0.00012000",
      "f": 3394908438,
      "l": 3394908438,
      "T": 1706607180010,
      "m": false,
      "M": true
    }
  },
  {
    "exchange": "binance",
    "instrument": "btcusdt",
    "insType": "spot",
    "obj": "trades",
    "btc_price": 43406.4,
    "timestamp": 1706607214.3348994,
    "data": {
      "e": "aggTrade",
      "E": 1706607180097,
      "s": "BTCUSDT",
      "a": 2847763566,
      "p": "43406.44000000",
      "q": "0.30346000",
      "f": 3394908441,
      "l": 3394908441,
      "T": 1706607180010,
      "m": false,
      "M": true
    }
  },
  {
    "exchange": "binance",
    "instrument": "btcusdt",
    "insType": "spot",
    "obj": "trades",
    "btc_price": 43402.44,
    "timestamp": 1706607214.339075,
    "data": {
      "e": "aggTrade",
      "E": 1706607180135,
      "s": "BTCUSDT",
      "a": 2847763569,
      "p": "43402.44000000",
      "q": "0.00160000",
      "f": 3394908444,
      "l": 3394908444,
      "T": 1706607180014,
      "m": true,
      "M": true
    }
  },
  {
    "exchange": "binance",
    "instrument": "btcusdt",
    "insType": "spot",
    "obj": "trades",
    "btc_price": 43405.09,
    "timestamp": 1706607214.3428102,
    "data": {
      "e": "aggTrade",
      "E": 1706607180153,
      "s": "BTCUSDT",
      "a": 2847763572,
      "p": "43405.09000000",
      "q": "0.10704000",
      "f": 3394908447,
      "l": 3394908447,
      "T": 1706607180017,
      "m": false,
      "M": true
    }
  },
  {
    "exchange": "binance",
    "instrument": "btcusdt",
    "insType": "spot",
    "obj": "trades",
    "btc_price": 43406.54,
    "timestamp": 1706607214.3466578,
    "data": {
      "e": "aggTrade",
      "E": 1706607180172,
      "s": "BTCUSDT",
      "a": 2847763575,
      "p": "43407.29000000",
      "q": "0.00024000",
      "f": 3394908450,
      "l": 3394908450,
      "T": 1706607180020,
      "m": false,
      "M": true
    }
  },
  {
    "exchange": "binance",
    "instrument": "btcusdt",
    "insType": "spot",
    "obj": "trades",
    "btc_price": 43407.63,
    "timestamp": 1706607214.3498607,
    "data": {
      "e": "aggTrade",
      "E": 1706607180184,
      "s": "BTCUSDT",
      "a": 2847763578,
      "p": "43407.63000000",
      "q": "0.08000000",
      "f": 3394908453,
      "l": 3394908453,
      "T": 1706607180023,
      "m": false,
      "M": true
    }
  },
  {
    "exchange": "binance",
    "instrument": "btcusdt",
    "insType": "spot",
    "obj": "trades",
    "btc_price": 43407.63,
    "timestamp": 1706607214.353143,
    "data": {
      "e": "aggTrade",
      "E": 1706607180190,
      "s": "BTCUSDT",
      "a": 2847763581,
      "p": "43402.44000000",
      "q": "0.00121000",
      "f": 3394908456,
      "l": 3394908456,
      "T": 1706607180025,
      "m": true,
      "M": true
    }
  },
  {
    "exchange": "binance",
    "instrument": "btcusdt",
    "insType": "spot",
    "obj": "trades",
    "btc_price": 43402.44,
    "timestamp": 1706607214.3573499,
    "data": {
      "e": "aggTrade",
      "E": 1706607180198,
      "s": "BTCUSDT",
      "a": 2847763584,
      "p": "43402.44000000",
      "q": "0.00188000",
      "f": 3394908459,
      "l": 3394908459,
      "T": 1706607180028,
      "m": true,
      "M": true
    }
  },
  {
    "exchange": "binance",
    "instrument": "btcusdt",
    "insType": "spot",
    "obj": "trades",
    "btc_price": 43407.63,
    "timestamp": 1706607214.3609674,
    "data": {
      "e": "aggTrade",
      "E": 1706607180205,
      "s": "BTCUSDT",
      "a": 2847763587,
      "p": "43407.63000000",
      "q": "0.00244000",
      "f": 3394908462,
      "l": 3394908462,
      "T": 1706607180031,
      "m": false,
      "M": true
    }
  },
  {
    "exchange": "binance",
    "instrument": "btcusdt",
    "insType": "spot",
    "obj": "trades",
    "btc_price": 43407.75,
    "timestamp": 1706607220.4273784,
    "data": {
      "e": "aggTrade",
      "E": 1706607180231,
      "s": "BTCUSDT",
      "a": 2847763590,
      "p": "43408.00000000",
      "q": "0.00025000",
      "f": 3394908465,
      "l": 3394908465,
      "T": 1706607180040,
      "m": false,
      "M": true
    }
  },
  {
    "exchange": "binance",
    "instrument": "btcusdt",
    "insType": "spot",
    "obj": "trades",
    "btc_price": 43408.5,
    "timestamp": 1706607220.431034,
    "data": {
      "e": "aggTrade",
      "E": 1706607180231,
      "s": "BTCUSDT",
      "a": 2847763593,
      "p": "43409.24000000",
      "q": "0.00012000",
      "f": 3394908468,
      "l": 3394908468,
      "T": 1706607180040,
      "m": false,
      "M": true
    }
  },
  {
    "exchange": "binance",
    "instrument": "btcusdt",
    "insType": "spot",
    "obj": "trades",
    "btc_price": 43410.0,
    "timestamp": 1706607220.4342291,
    "data": {
      "e": "aggTrade",
      "E": 1706607180231,
      "s": "BTCUSDT",
      "a": 2847763596,
      "p": "43410.07000000",
      "q": "0.00021000",
      "f": 3394908473,
      "l": 3394908473,
      "T": 1706607180040,
      "m": false,
      "M": true
    }
  },
  {
    "exchange": "binance",
    "instrument": "btcusdt",
    "insType": "spot",
    "obj": "trades",
    "btc_price": 43410.65,
    "timestamp": 1706607220.437536,
    "data": {
      "e": "aggTrade",
      "E": 1706607180231,
      "s": "BTCUSDT",
      "a": 2847763599,
      "p": "43410.71000000",
      "q": "0.00240000",
      "f": 3394908476,
      "l": 3394908476,
      "T": 1706607180040,
      "m": false,
      "M": true
    }
  },
  {
    "exchange": "binance",
    "instrument": "btcusdt",
    "insType": "spot",
    "obj": "trades",
    "btc_price": 43410.97,
    "timestamp": 1706607220.4408116,
    "data": {
      "e": "aggTrade",
      "E": 1706607180231,
      "s": "BTCUSDT",
      "a": 2847763602,
      "p": "43411.10000000",
      "q": "0.01971000",
      "f": 3394908479,
      "l": 3394908479,
      "T": 1706607180040,
      "m": false,
      "M": true
    }
  },
  {
    "exchange": "binance",
    "instrument": "btcusdt",
    "insType": "spot",
    "obj": "trades",
    "btc_price": 43411.26,
    "timestamp": 1706607220.4440901,
    "data": {
      "e": "aggTrade",
      "E": 1706607180256,
      "s": "BTCUSDT",
      "a": 2847763605,
      "p": "43411.59000000",
      "q": "0.07460000",
      "f": 3394908482,
      "l": 3394908482,
      "T": 1706607180044,
      "m": false,
      "M": true
    }
  },
  {
    "exchange": "binance",
    "instrument": "btcusdt",
    "insType": "spot",
    "obj": "trades",
    "btc_price": 43412.69,
    "timestamp": 1706607220.4471862,
    "data": {
      "e": "aggTrade",
      "E": 1706607180279,
      "s": "BTCUSDT",
      "a": 2847763608,
      "p": "43412.80000000",
      "q": "0.00012000",
      "f": 3394908486,
      "l": 3394908486,
      "T": 1706607180048,
      "m": false,
      "M": true
    }
  },
  {
    "exchange": "binance",
    "instrument": "btcusdt",
    "insType": "spot",
    "obj": "trades",
    "btc_price": 43413.56,
    "timestamp": 1706607220.4501767,
    "data": {
      "e": "aggTrade",
      "E": 1706607180279,
      "s": "BTCUSDT",
      "a": 2847763611,
      "p": "43413.58000000",
      "q": "0.00036000",
      "f": 3394908491,
      "l": 3394908492,
      "T": 1706607180048,
      "m": false,
      "M": true
    }
  },
  {
    "exchange": "binance",
    "instrument": "btcusdt",
    "insType": "spot",
    "obj": "trades",
    "btc_price": 43413.89,
    "timestamp": 1706607220.453137,
    "data": {
      "e": "aggTrade",
      "E": 1706607180279,
      "s": "BTCUSDT",
      "a": 2847763614,
      "p": "43413.93000000",
      "q": "0.00115000",
      "f": 3394908495,
      "l": 3394908495,
      "T": 1706607180048,
      "m": false,
      "M": true
    }
  },
  {
    "exchange": "binance",
    "instrument": "btcusdt",
    "insType": "spot",
    "obj": "trades",
    "btc_price": 43414.62,
    "timestamp": 1706607220.4560697,
    "data": {
      "e": "aggTrade",
      "E": 1706607180279,
      "s": "BTCUSDT",
      "a": 2847763617,
      "p": "43414.95000000",
      "q": "0.00012000",
      "f": 3394908499,
      "l": 3394908499,
      "T": 1706607180048,
      "m": false,
      "M": true
    }
  },
  {
    "exchange": "binance",
    "instrument": "btcusdt",
    "insType": "spot",
    "obj": "trades",
    "btc_price": 43415.16,
    "timestamp": 1706607220.45912,
    "data": {
      "e": "aggTrade",
      "E": 1706607180279,
      "s": "BTCUSDT",
      "a": 2847763620,
      "p": "43415.44000000",
      "q": "0.00100000",
      "f": 3394908502,
      "l": 3394908502,
      "T": 1706607180048,
      "m": false,
      "M": true
    }
  },
  {
    "exchange": "binance",
    "instrument": "btcusdt",
    "insType": "spot",
    "obj": "trades",
    "btc_price": 43416.14,
    "timestamp": 1706607226.4697213,
    "data": {
      "e": "aggTrade",
      "E": 1706607180279,
      "s": "BTCUSDT",
      "a": 2847763623,
      "p": "43416.18000000",
      "q": "0.00440000",
      "f": 3394908505,
      "l": 3394908505,
      "T": 1706607180048,
      "m": false,
      "M": true
    }
  },
  {
    "exchange": "binance",
    "instrument": "btcusdt",
    "insType": "spot",
    "obj": "trades",
    "btc_price": 43416.46,
    "timestamp": 1706607226.4731624,
    "data": {
      "e": "aggTrade",
      "E": 1706607180279,
      "s": "BTCUSDT",
      "a": 2847763626,
      "p": "43416.81000000",
      "q": "0.13067000",
      "f": 3394908508,
      "l": 3394908508,
      "T": 1706607180048,
      "m": false,
      "M": true
    }
  },
  {
    "exchange": "binance",
    "instrument": "btcusdt",
    "insType": "spot",
    "obj": "trades",
    "btc_price": 43417.15,
    "timestamp": 1706607226.4763484,
    "data": {
      "e": "aggTrade",
      "E": 1706607180279,
      "s": "BTCUSDT",
      "a": 2847763629,
      "p": "43417.61000000",
      "q": "0.25249000",
      "f": 3394908511,
      "l": 3394908511,
      "T": 1706607180048,
      "m": false,
      "M": true
    }
  },
  {
    "exchange": "binance",
    "instrument": "btcusdt",
    "insType": "spot",
    "obj": "trades",
    "btc_price": 43417.61,
    "timestamp": 1706607226.4795487,
    "data": {
      "e": "aggTrade",
      "E": 1706607180437,
      "s": "BTCUSDT",
      "a": 2847763632,
      "p": "43409.75000000",
      "q": "0.00012000",
      "f": 3394908514,
      "l": 3394908514,
      "T": 1706607180076,
      "m": true,
      "M": true
    }
  },
  {
    "exchange": "binance",
    "instrument": "btcusdt",
    "insType": "spot",
    "obj": "trades",
    "btc_price": 43414.61,
    "timestamp": 1706607226.482657,
    "data": {
      "e": "aggTrade",
      "E": 1706607180462,
      "s": "BTCUSDT",
      "a": 2847763635,
      "p": "43417.63000000",
      "q": "0.00440000",
      "f": 3394908517,
      "l": 3394908517,
      "T": 1706607180085,
      "m": false,
      "M": true
    }
  },
  {
    "exchange": "binance",
    "instrument": "btcusdt",
    "insType": "spot",
    "obj": "trades",
    "btc_price": 43417.78,
    "timestamp": 1706607226.4857912,
    "data": {
      "e": "aggTrade",
      "E": 1706607180501,
      "s": "BTCUSDT",
      "a": 2847763638,
      "p": "43417.78000000",
      "q": "0.04000000",
      "f": 3394908520,
      "l": 3394908520,
      "T": 1706607180096,
      "m": false,
      "M": true
    }
  },
  {
    "exchange": "binance",
    "instrument": "btcusdt",
    "insType": "spot",
    "obj": "trades",
    "btc_price": 43417.8,
    "timestamp": 1706607226.4889345,
    "data": {
      "e": "aggTrade",
      "E": 1706607180552,
      "s": "BTCUSDT",
      "a": 2847763641,
      "p": "43417.92000000",
      "q": "0.00012000",
      "f": 3394908523,
      "l": 3394908523,
      "T": 1706607180115,
      "m": false,
      "M": true
    }
  },
  {
    "exchange": "binance",
    "instrument": "btcusdt",
    "insType": "spot",
    "obj": "trades",
    "btc_price": 43418.49,
    "timestamp": 1706607226.4920328,
    "data": {
      "e": "aggTrade",
      "E": 1706607180552,
      "s": "BTCUSDT",
      "a": 2847763644,
      "p": "43419.28000000",
      "q": "0.00430000",
      "f": 3394908526,
      "l": 3394908526,
      "T": 1706607180115,
      "m": false,
      "M": true
    }
  },
  {
    "exchange": "binance",
    "instrument": "btcusdt",
    "insType": "spot",
    "obj": "trades",
    "btc_price": 43419.87,
    "timestamp": 1706607226.4953308,
    "data": {
      "e": "aggTrade",
      "E": 1706607180552,
      "s": "BTCUSDT",
      "a": 2847763647,
      "p": "43420.00000000",
      "q": "0.00998000",
      "f": 3394908529,
      "l": 3394908531,
      "T": 1706607180115,
      "m": false,
      "M": true
    }
  },
  {
    "exchange": "binance",
    "instrument": "btcusdt",
    "insType": "spot",
    "obj": "trades",
    "btc_price": 43421.02,
    "timestamp": 1706607226.498618,
    "data": {
      "e": "aggTrade",
      "E": 1706607180557,
      "s": "BTCUSDT",
      "a": 2847763650,
      "p": "43421.02000000",
      "q": "0.05859000",
      "f": 3394908534,
      "l": 3394908534,
      "T": 1706607180117,
      "m": false,
      "M": true
    }
  },
  {
    "exchange": "binance",
    "instrument": "btcusdt",
    "insType": "spot",
    "obj": "trades",
    "btc_price": 43421.4,
    "timestamp": 1706607226.5019004,
    "data": {
      "e": "aggTrade",
      "E": 1706607180557,
      "s": "BTCUSDT",
      "a": 2847763653,
      "p": "43421.65000000",
      "q": "0.00550000",
      "f": 3394908537,
      "l": 3394908537,
      "T": 1706607180117,
      "m": false,
      "M": true
    }
  },
  {
    "exchange": "binance",
    "instrument": "btcusdt",
    "insType": "spot",
    "obj": "trades",
    "btc_price": 43421.98,
    "timestamp": 1706607233.3003092,
    "data": {
      "e": "aggTrade",
      "E": 1706607180682,
      "s": "BTCUSDT",
      "a": 2847763656,
      "p": "43420.98000000",
      "q": "0.00487000",
      "f": 3394908540,
      "l": 3394908540,
      "T": 1706607180170,
      "m": false,
      "M": true
    }
  },
  {
    "exchange": "binance",
    "instrument": "btcusdt",
    "insType": "spot",
    "obj": "trades",
    "btc_price": 43421.98,
    "timestamp": 1706607233.3044534,
    "data": {
      "e": "aggTrade",
      "E": 1706607180720,
      "s": "BTCUSDT",
      "a": 2847763659,
      "p": "43420.95000000",
      "q": "0.00782000",
      "f": 3394908543,
      "l": 3394908543,
      "T": 1706607180197,
      "m": false,
      "M": true
    }
  },
  {
    "exchange": "binance",
    "instrument": "btcusdt",
    "insType": "spot",
    "obj": "trades",
    "btc_price": 43422.0,
    "timestamp": 1706607233.3084586,
    "data": {
      "e": "aggTrade",
      "E": 1706607180778,
      "s": "BTCUSDT",
      "a": 2847763662,
      "p": "43420.16000000",
      "q": "0.00051000",
      "f": 3394908546,
      "l": 3394908546,
      "T": 1706607180235,
      "m": true,
      "M": true
    }
  },
  {
    "exchange": "binance",
    "instrument": "btcusdt",
    "insType": "spot",
    "obj": "trades",
    "btc_price": 43422.26,
    "timestamp": 1706607233.3120563,
    "data": {
      "e": "aggTrade",
      "E": 1706607180813,
      "s": "BTCUSDT",
      "a": 2847763665,
      "p": "43422.28000000",
      "q": "0.00044000",
      "f": 3394908549,
      "l": 3394908550,
      "T": 1706607180251,
      "m": false,
      "M": true
    }
  },
  {
    "exchange": "binance",
    "instrument": "btcusdt",
    "insType": "spot",
    "obj": "trades",
    "btc_price": 43421.99,
    "timestamp": 1706607233.3156219,
    "data": {
      "e": "aggTrade",
      "E": 1706607180959,
      "s": "BTCUSDT",
      "a": 2847763668,
      "p": "43423.11000000",
      "q": "0.00036000",
      "f": 3394908553,
      "l": 3394908553,
      "T": 1706607180454,
      "m": false,
      "M": true
    }
  },
  {
    "exchange": "binance",
    "instrument": "btcusdt",
    "insType": "spot",
    "obj": "trades",
    "btc_price": 43422.4,
    "timestamp": 1706607233.3193438,
    "data": {
      "e": "aggTrade",
      "E": 1706607180977,
      "s": "BTCUSDT",
      "a": 2847763671,
      "p": "43423.10000000",
      "q": "0.03852000",
      "f": 3394908556,
      "l": 3394908556,
      "T": 1706607180493,
      "m": true,
      "M": true
    }
  },
  {
    "exchange": "binance",
    "instrument": "btcusdt",
    "insType": "spot",
    "obj": "trades",
    "btc_price": 43423.55,
    "timestamp": 1706607233.323017,
    "data": {
      "e": "aggTrade",
      "E": 1706607181012,
      "s": "BTCUSDT",
      "a": 2847763674,
      "p": "43423.55000000",
      "q": "0.05558000",
      "f": 3394908559,
      "l": 3394908559,
      "T": 1706607180559,
      "m": false,
      "M": true
    }
  },
  {
    "exchange": "binance",
    "instrument": "btcusdt",
    "insType": "spot",
    "obj": "trades",
    "btc_price": 43424.46,
    "timestamp": 1706607233.3271139,
    "data": {
      "e": "aggTrade",
      "E": 1706607181012,
      "s": "BTCUSDT",
      "a": 2847763677,
      "p": "43424.48000000",
      "q": "0.02092000",
      "f": 3394908562,
      "l": 3394908562,
      "T": 1706607180559,
      "m": false,
      "M": true
    }
  },
  {
    "exchange": "binance",
    "instrument": "btcusdt",
    "insType": "spot",
    "obj": "trades",
    "btc_price": 43424.88,
    "timestamp": 1706607233.3314552,
    "data": {
      "e": "aggTrade",
      "E": 1706607181047,
      "s": "BTCUSDT",
      "a": 2847763680,
      "p": "43424.88000000",
      "q": "0.00035000",
      "f": 3394908565,
      "l": 3394908565,
      "T": 1706607180642,
      "m": true,
      "M": true
    }
  },
  {
    "exchange": "binance",
    "instrument": "btcusdt",
    "insType": "spot",
    "obj": "trades",
    "btc_price": 43426.0,
    "timestamp": 1706607233.33578,
    "data": {
      "e": "aggTrade",
      "E": 1706607181093,
      "s": "BTCUSDT",
      "a": 2847763683,
      "p": "43426.60000000",
      "q": "0.00012000",
      "f": 3394908568,
      "l": 3394908568,
      "T": 1706607180743,
      "m": false,
      "M": true
    }
  },
  {
    "exchange": "binance",
    "instrument": "btcusdt",
    "insType": "spot",
    "obj": "trades",
    "btc_price": 43427.6,
    "timestamp": 1706607241.042685,
    "data": {
      "e": "aggTrade",
      "E": 1706607181112,
      "s": "BTCUSDT",
      "a": 2847763686,
      "p": "43427.60000000",
      "q": "0.02231000",
      "f": 3394908571,
      "l": 3394908571,
      "T": 1706607180774,
      "m": false,
      "M": true
    }
  },
  {
    "exchange": "binance",
    "instrument": "btcusdt",
    "insType": "spot",
    "obj": "trades",
    "btc_price": 43429.0,
    "timestamp": 1706607241.047808,
    "data": {
      "e": "aggTrade",
      "E": 1706607181112,
      "s": "BTCUSDT",
      "a": 2847763689,
      "p": "43429.71000000",
      "q": "0.04398000",
      "f": 3394908574,
      "l": 3394908574,
      "T": 1706607180774,
      "m": false,
      "M": true
    }
  },
  {
    "exchange": "binance",
    "instrument": "btcusdt",
    "insType": "spot",
    "obj": "trades",
    "btc_price": 43428.55,
    "timestamp": 1706607241.051916,
    "data": {
      "e": "aggTrade",
      "E": 1706607181166,
      "s": "BTCUSDT",
      "a": 2847763692,
      "p": "43427.59000000",
      "q": "0.00462000",
      "f": 3394908577,
      "l": 3394908577,
      "T": 1706607180888,
      "m": true,
      "M": true
    }
  },
  {
    "exchange": "binance",
    "instrument": "btcusdt",
    "insType": "spot",
    "obj": "trades",
    "btc_price": 43425.5,
    "timestamp": 1706607241.0560498,
    "data": {
      "e": "aggTrade",
      "E": 1706607181196,
      "s": "BTCUSDT",
      "a": 2847763695,
      "p": "43425.50000000",
      "q": "0.00136000",
      "f": 3394908583,
      "l": 3394908583,
      "T": 1706607180958,
      "m": true,
      "M": true
    }
  },
  {
    "exchange": "binance",
    "instrument": "btcusdt",
    "insType": "spot",
    "obj": "trades",
    "btc_price": 43425.51,
    "timestamp": 1706607241.0616329,
    "data": {
      "e": "aggTrade",
      "E": 1706607181242,
      "s": "BTCUSDT",
      "a": 2847763698,
      "p": "43425.51000000",
      "q": "0.00079000",
      "f": 3394908586,
      "l": 3394908586,
      "T": 1706607181092,
      "m": false,
      "M": true
    }
  },
  {
    "exchange": "binance",
    "instrument": "btcusdt",
    "insType": "spot",
    "obj": "trades",
    "btc_price": 43425.51,
    "timestamp": 1706607241.0690665,
    "data": {
      "e": "aggTrade",
      "E": 1706607181941,
      "s": "BTCUSDT",
      "a": 2847763701,
      "p": "43425.50000000",
      "q": "0.00238000",
      "f": 3394908589,
      "l": 3394908589,
      "T": 1706607181940,
      "m": true,
      "M": true
    }
  },
  {
    "exchange": "binance",
    "instrument": "btcusdt",
    "insType": "spot",
    "obj": "trades",
    "btc_price": 43425.5,
    "timestamp": 1706607241.0767126,
    "data": {
      "e": "aggTrade",
      "E": 1706607182839,
      "s": "BTCUSDT",
      "a": 2847763704,
      "p": "43425.50000000",
      "q": "0.03000000",
      "f": 3394908592,
      "l": 3394908592,
      "T": 1706607182839,
      "m": true,
      "M": true
    }
  },
  {
    "exchange": "binance",
    "instrument": "btcusdt",
    "insType": "spot",
    "obj": "trades",
    "btc_price": 43425.51,
    "timestamp": 1706607241.0843406,
    "data": {
      "e": "aggTrade",
      "E": 1706607183139,
      "s": "BTCUSDT",
      "a": 2847763707,
      "p": "43425.51000000",
      "q": "0.27633000",
      "f": 3394908595,
      "l": 3394908595,
      "T": 1706607183139,
      "m": false,
      "M": true
    }
  },
  {
    "exchange": "binance",
    "instrument": "btcusdt",
    "insType": "spot",
    "obj": "trades",
    "btc_price": 43425.5,
    "timestamp": 1706607241.092447,
    "data": {
      "e": "aggTrade",
      "E": 1706607183680,
      "s": "BTCUSDT",
      "a": 2847763710,
      "p": "43425.50000000",
      "q": "0.61213000",
      "f": 3394908605,
      "l": 3394908611,
      "T": 1706607183675,
      "m": true,
      "M": true
    }
  },
  {
    "exchange": "binance",
    "instrument": "btcusdt",
    "insType": "spot",
    "obj": "trades",
    "btc_price": 43425.2,
    "timestamp": 1706607241.1000957,
    "data": {
      "e": "aggTrade",
      "E": 1706607183680,
      "s": "BTCUSDT",
      "a": 2847763713,
      "p": "43424.88000000",
      "q": "0.02000000",
      "f": 3394908617,
      "l": 3394908618,
      "T": 1706607183675,
      "m": true,
      "M": true
    }
  },
  {
    "exchange": "binance",
    "instrument": "btcusdt",
    "insType": "spot",
    "obj": "trades",
    "btc_price": 43424.26,
    "timestamp": 1706607241.1073117,
    "data": {
      "e": "aggTrade",
      "E": 1706607183731,
      "s": "BTCUSDT",
      "a": 2847763716,
      "p": "43422.35000000",
      "q": "0.01851000",
      "f": 3394908621,
      "l": 3394908621,
      "T": 1706607183730,
      "m": false,
      "M": true
    }
  },
  {
    "exchange": "binance",
    "instrument": "btcusdt",
    "insType": "spot",
    "obj": "trades",
    "btc_price": 43422.34,
    "timestamp": 1706607250.278728,
    "data": {
      "e": "aggTrade",
      "E": 1706607184565,
      "s": "BTCUSDT",
      "a": 2847763719,
      "p": "43422.34000000",
      "q": "0.00658000",
      "f": 3394908624,
      "l": 3394908624,
      "T": 1706607184564,
      "m": true,
      "M": true
    }
  },
  {
    "exchange": "binance",
    "instrument": "btcusdt",
    "insType": "spot",
    "obj": "trades",
    "btc_price": 43422.34,
    "timestamp": 1706607250.286694,
    "data": {
      "e": "aggTrade",
      "E": 1706607184798,
      "s": "BTCUSDT",
      "a": 2847763722,
      "p": "43422.34000000",
      "q": "0.19013000",
      "f": 3394908637,
      "l": 3394908639,
      "T": 1706607184793,
      "m": true,
      "M": true
    }
  },
  {
    "exchange": "binance",
    "instrument": "btcusdt",
    "insType": "spot",
    "obj": "trades",
    "btc_price": 43421.91,
    "timestamp": 1706607250.2946103,
    "data": {
      "e": "aggTrade",
      "E": 1706607184798,
      "s": "BTCUSDT",
      "a": 2847763725,
      "p": "43421.66000000",
      "q": "0.00460000",
      "f": 3394908642,
      "l": 3394908642,
      "T": 1706607184793,
      "m": true,
      "M": true
    }
  },
  {
    "exchange": "binance",
    "instrument": "btcusdt",
    "insType": "spot",
    "obj": "trades",
    "btc_price": 43421.2,
    "timestamp": 1706607250.3025167,
    "data": {
      "e": "aggTrade",
      "E": 1706607184922,
      "s": "BTCUSDT",
      "a": 2847763728,
      "p": "43421.20000000",
      "q": "0.01028000",
      "f": 3394908646,
      "l": 3394908649,
      "T": 1706607184921,
      "m": true,
      "M": true
    }
  },
  {
    "exchange": "binance",
    "instrument": "btcusdt",
    "insType": "spot",
    "obj": "trades",
    "btc_price": 43421.2,
    "timestamp": 1706607250.3103766,
    "data": {
      "e": "aggTrade",
      "E": 1706607185106,
      "s": "BTCUSDT",
      "a": 2847763731,
      "p": "43421.20000000",
      "q": "0.25411000",
      "f": 3394908655,
      "l": 3394908659,
      "T": 1706607185105,
      "m": true,
      "M": true
    }
  },
  {
    "exchange": "binance",
    "instrument": "btcusdt",
    "insType": "spot",
    "obj": "trades",
    "btc_price": 43420.78,
    "timestamp": 1706607250.3183193,
    "data": {
      "e": "aggTrade",
      "E": 1706607185119,
      "s": "BTCUSDT",
      "a": 2847763734,
      "p": "43420.78000000",
      "q": "0.00166000",
      "f": 3394908663,
      "l": 3394908663,
      "T": 1706607185118,
      "m": true,
      "M": true
    }
  },
  {
    "exchange": "binance",
    "instrument": "btcusdt",
    "insType": "spot",
    "obj": "trades",
    "btc_price": 43420.78,
    "timestamp": 1706607250.3261058,
    "data": {
      "e": "aggTrade",
      "E": 1706607185134,
      "s": "BTCUSDT",
      "a": 2847763737,
      "p": "43420.72000000",
      "q": "0.00046000",
      "f": 3394908666,
      "l": 3394908666,
      "T": 1706607185129,
      "m": true,
      "M": true
    }
  },
  {
    "exchange": "binance",
    "instrument": "btcusdt",
    "insType": "spot",
    "obj": "trades",
    "btc_price": 43420.05,
    "timestamp": 1706607250.3342526,
    "data": {
      "e": "aggTrade",
      "E": 1706607185165,
      "s": "BTCUSDT",
      "a": 2847763740,
      "p": "43419.87000000",
      "q": "0.00058000",
      "f": 3394908669,
      "l": 3394908669,
      "T": 1706607185144,
      "m": true,
      "M": true
    }
  },
  {
    "exchange": "binance",
    "instrument": "btcusdt",
    "insType": "spot",
    "obj": "trades",
    "btc_price": 43417.92,
    "timestamp": 1706607250.3419726,
    "data": {
      "e": "aggTrade",
      "E": 1706607185187,
      "s": "BTCUSDT",
      "a": 2847763743,
      "p": "43417.67000000",
      "q": "0.01317000",
      "f": 3394908672,
      "l": 3394908672,
      "T": 1706607185168,
      "m": true,
      "M": true
    }
  },
  {
    "exchange": "binance",
    "instrument": "btcusdt",
    "insType": "spot",
    "obj": "trades",
    "btc_price": 43417.68,
    "timestamp": 1706607250.3487434,
    "data": {
      "e": "aggTrade",
      "E": 1706607186575,
      "s": "BTCUSDT",
      "a": 2847763746,
      "p": "43417.67000000",
      "q": "0.13674000",
      "f": 3394908676,
      "l": 3394908677,
      "T": 1706607186574,
      "m": true,
      "M": true
    }
  },
  {
    "exchange": "binance",
    "instrument": "btcusdt",
    "insType": "spot",
    "obj": "trades",
    "btc_price": 43417.68,
    "timestamp": 1706607250.355158,
    "data": {
      "e": "aggTrade",
      "E": 1706607186850,
      "s": "BTCUSDT",
      "a": 2847763749,
      "p": "43417.68000000",
      "q": "0.00031000",
      "f": 3394908680,
      "l": 3394908680,
      "T": 1706607186850,
      "m": false,
      "M": true
    }
  },
  {
    "exchange": "binance",
    "instrument": "btcusdt",
    "insType": "spot",
    "obj": "trades",
    "btc_price": 43417.67,
    "timestamp": 1706607259.513511,
    "data": {
      "e": "aggTrade",
      "E": 1706607187796,
      "s": "BTCUSDT",
      "a": 2847763752,
      "p": "43417.67000000",
      "q": "0.00064000",
      "f": 3394908683,
      "l": 3394908685,
      "T": 1706607187795,
      "m": true,
      "M": true
    }
  },
  {
    "exchange": "binance",
    "instrument": "btcusdt",
    "insType": "spot",
    "obj": "trades",
    "btc_price": 43417.68,
    "timestamp": 1706607259.5178533,
    "data": {
      "e": "aggTrade",
      "E": 1706607189320,
      "s": "BTCUSDT",
      "a": 2847763755,
      "p": "43417.67000000",
      "q": "0.00136000",
      "f": 3394908689,
      "l": 3394908689,
      "T": 1706607189320,
      "m": true,
      "M": true
    }
  },
  {
    "exchange": "binance",
    "instrument": "btcusdt",
    "insType": "spot",
    "obj": "trades",
    "btc_price": 43417.68,
    "timestamp": 1706607259.522217,
    "data": {
      "e": "aggTrade",
      "E": 1706607190057,
      "s": "BTCUSDT",
      "a": 2847763758,
      "p": "43417.67000000",
      "q": "0.00586000",
      "f": 3394908692,
      "l": 3394908692,
      "T": 1706607190057,
      "m": true,
      "M": true
    }
  },
  {
    "exchange": "binance",
    "instrument": "btcusdt",
    "insType": "spot",
    "obj": "trades",
    "btc_price": 43417.68,
    "timestamp": 1706607259.5276196,
    "data": {
      "e": "aggTrade",
      "E": 1706607190548,
      "s": "BTCUSDT",
      "a": 2847763761,
      "p": "43417.68000000",
      "q": "0.50000000",
      "f": 3394908695,
      "l": 3394908695,
      "T": 1706607190547,
      "m": false,
      "M": true
    }
  },
  {
    "exchange": "binance",
    "instrument": "btcusdt",
    "insType": "spot",
    "obj": "trades",
    "btc_price": 43417.68,
    "timestamp": 1706607259.5321338,
    "data": {
      "e": "aggTrade",
      "E": 1706607191627,
      "s": "BTCUSDT",
      "a": 2847763764,
      "p": "43417.67000000",
      "q": "0.00165000",
      "f": 3394908698,
      "l": 3394908699,
      "T": 1706607191627,
      "m": true,
      "M": true
    }
  },
  {
    "exchange": "binance",
    "instrument": "btcusdt",
    "insType": "spot",
    "obj": "trades",
    "btc_price": 43417.68,
    "timestamp": 1706607259.5365212,
    "data": {
      "e": "aggTrade",
      "E": 1706607192519,
      "s": "BTCUSDT",
      "a": 2847763767,
      "p": "43417.68000000",
      "q": "0.00061000",
      "f": 3394908702,
      "l": 3394908702,
      "T": 1706607192519,
      "m": false,
      "M": true
    }
  },
  {
    "exchange": "binance",
    "instrument": "btcusdt",
    "insType": "spot",
    "obj": "trades",
    "btc_price": 43417.68,
    "timestamp": 1706607259.5411696,
    "data": {
      "e": "aggTrade",
      "E": 1706607193388,
      "s": "BTCUSDT",
      "a": 2847763770,
      "p": "43417.67000000",
      "q": "0.00302000",
      "f": 3394908705,
      "l": 3394908705,
      "T": 1706607193388,
      "m": true,
      "M": true
    }
  },
  {
    "exchange": "binance",
    "instrument": "btcusdt",
    "insType": "spot",
    "obj": "trades",
    "btc_price": 43417.68,
    "timestamp": 1706607259.5458913,
    "data": {
      "e": "aggTrade",
      "E": 1706607194119,
      "s": "BTCUSDT",
      "a": 2847763773,
      "p": "43417.68000000",
      "q": "0.00560000",
      "f": 3394908717,
      "l": 3394908717,
      "T": 1706607194118,
      "m": false,
      "M": true
    }
  },
  {
    "exchange": "binance",
    "instrument": "btcusdt",
    "insType": "spot",
    "obj": "trades",
    "btc_price": 43418.34,
    "timestamp": 1706607259.5506058,
    "data": {
      "e": "aggTrade",
      "E": 1706607194749,
      "s": "BTCUSDT",
      "a": 2847763776,
      "p": "43419.03000000",
      "q": "0.00019000",
      "f": 3394908729,
      "l": 3394908729,
      "T": 1706607194748,
      "m": false,
      "M": true
    }
  },
  {
    "exchange": "binance",
    "instrument": "btcusdt",
    "insType": "spot",
    "obj": "trades",
    "btc_price": 43419.53,
    "timestamp": 1706607259.5552568,
    "data": {
      "e": "aggTrade",
      "E": 1706607194802,
      "s": "BTCUSDT",
      "a": 2847763779,
      "p": "43420.67000000",
      "q": "0.00052000",
      "f": 3394908732,
      "l": 3394908732,
      "T": 1706607194801,
      "m": false,
      "M": true
    }
  },
  {
    "exchange": "binance",
    "instrument": "btcusdt",
    "insType": "spot",
    "obj": "trades",
    "btc_price": 43420.66,
    "timestamp": 1706607268.5372424,
    "data": {
      "e": "aggTrade",
      "E": 1706607195693,
      "s": "BTCUSDT",
      "a": 2847763782,
      "p": "43420.66000000",
      "q": "0.00071000",
      "f": 3394908735,
      "l": 3394908735,
      "T": 1706607195692,
      "m": true,
      "M": true
    }
  },
  {
    "exchange": "binance",
    "instrument": "btcusdt",
    "insType": "spot",
    "obj": "trades",
    "btc_price": 43420.66,
    "timestamp": 1706607268.5426102,
    "data": {
      "e": "aggTrade",
      "E": 1706607196278,
      "s": "BTCUSDT",
      "a": 2847763785,
      "p": "43420.66000000",
      "q": "0.00204000",
      "f": 3394908738,
      "l": 3394908738,
      "T": 1706607196278,
      "m": true,
      "M": true
    }
  },
  {
    "exchange": "binance",
    "instrument": "btcusdt",
    "insType": "spot",
    "obj": "trades",
    "btc_price": 43420.66,
    "timestamp": 1706607268.5480232,
    "data": {
      "e": "aggTrade",
      "E": 1706607196914,
      "s": "BTCUSDT",
      "a": 2847763788,
      "p": "43420.66000000",
      "q": "0.00773000",
      "f": 3394908741,
      "l": 3394908741,
      "T": 1706607196913,
      "m": true,
      "M": true
    }
  },
  {
    "exchange": "binance",
    "instrument": "btcusdt",
    "insType": "spot",
    "obj": "trades",
    "btc_price": 43420.66,
    "timestamp": 1706607268.553662,
    "data": {
      "e": "aggTrade",
      "E": 1706607198226,
      "s": "BTCUSDT",
      "a": 2847763791,
      "p": "43420.66000000",
      "q": "0.00204000",
      "f": 3394908744,
      "l": 3394908744,
      "T": 1706607198225,
      "m": true,
      "M": true
    }
  },
  {
    "exchange": "binance",
    "instrument": "btcusdt",
    "insType": "spot",
    "obj": "trades",
    "btc_price": 43420.67,
    "timestamp": 1706607268.559231,
    "data": {
      "e": "aggTrade",
      "E": 1706607199695,
      "s": "BTCUSDT",
      "a": 2847763794,
      "p": "43420.67000000",
      "q": "0.03608000",
      "f": 3394908747,
      "l": 3394908747,
      "T": 1706607199695,
      "m": false,
      "M": true
    }
  },
  {
    "exchange": "binance",
    "instrument": "btcusdt",
    "insType": "spot",
    "obj": "trades",
    "btc_price": 43420.67,
    "timestamp": 1706607268.564281,
    "data": {
      "e": "aggTrade",
      "E": 1706607200553,
      "s": "BTCUSDT",
      "a": 2847763797,
      "p": "43420.67000000",
      "q": "0.50000000",
      "f": 3394908750,
      "l": 3394908752,
      "T": 1706607200553,
      "m": false,
      "M": true
    }
  },
  {
    "exchange": "binance",
    "instrument": "btcusdt",
    "insType": "spot",
    "obj": "trades",
    "btc_price": 43420.67,
    "timestamp": 1706607268.5697434,
    "data": {
      "e": "aggTrade",
      "E": 1706607200980,
      "s": "BTCUSDT",
      "a": 2847763800,
      "p": "43420.66000000",
      "q": "0.00032000",
      "f": 3394908755,
      "l": 3394908755,
      "T": 1706607200979,
      "m": true,
      "M": true
    }
  },
  {
    "exchange": "binance",
    "instrument": "btcusdt",
    "insType": "spot",
    "obj": "trades",
    "btc_price": 43420.67,
    "timestamp": 1706607268.5754728,
    "data": {
      "e": "aggTrade",
      "E": 1706607201470,
      "s": "BTCUSDT",
      "a": 2847763803,
      "p": "43420.67000000",
      "q": "0.00050000",
      "f": 3394908758,
      "l": 3394908758,
      "T": 1706607201467,
      "m": false,
      "M": true
    }
  },
  {
    "exchange": "binance",
    "instrument": "btcusdt",
    "insType": "spot",
    "obj": "trades",
    "btc_price": 43420.66,
    "timestamp": 1706607268.58072,
    "data": {
      "e": "aggTrade",
      "E": 1706607201479,
      "s": "BTCUSDT",
      "a": 2847763806,
      "p": "43420.66000000",
      "q": "0.00050000",
      "f": 3394908762,
      "l": 3394908762,
      "T": 1706607201478,
      "m": true,
      "M": true
    }
  },
  {
    "exchange": "binance",
    "instrument": "btcusdt",
    "insType": "spot",
    "obj": "trades",
    "btc_price": 43420.67,
    "timestamp": 1706607268.5896995,
    "data": {
      "e": "aggTrade",
      "E": 1706607201489,
      "s": "BTCUSDT",
      "a": 2847763809,
      "p": "43420.67000000",
      "q": "0.08212000",
      "f": 3394908765,
      "l": 3394908765,
      "T": 1706607201489,
      "m": false,
      "M": true
    }
  },
  {
    "exchange": "binance",
    "instrument": "btcusdt",
    "insType": "spot",
    "obj": "trades",
    "btc_price": 43420.66,
    "timestamp": 1706607268.5943463,
    "data": {
      "e": "aggTrade",
      "E": 1706607202214,
      "s": "BTCUSDT",
      "a": 2847763812,
      "p": "43420.66000000",
      "q": "0.00066000",
      "f": 3394908768,
      "l": 3394908768,
      "T": 1706607202213,
      "m": true,
      "M": true
    }
  },
  {
    "exchange": "binance",
    "instrument": "btcusdt",
    "insType": "spot",
    "obj": "trades",
    "btc_price": 43420.66,
    "timestamp": 1706607277.2872472,
    "data": {
      "e": "aggTrade",
      "E": 1706607202885,
      "s": "BTCUSDT",
      "a": 2847763815,
      "p": "43420.67000000",
      "q": "0.00112000",
      "f": 3394908771,
      "l": 3394908771,
      "T": 1706607202884,
      "m": false,
      "M": true
    }
  },
  {
    "exchange": "binance",
    "instrument": "btcusdt",
    "insType": "spot",
    "obj": "trades",
    "btc_price": 43420.66,
    "timestamp": 1706607277.292501,
    "data": {
      "e": "aggTrade",
      "E": 1706607203723,
      "s": "BTCUSDT",
      "a": 2847763818,
      "p": "43420.66000000",
      "q": "0.04347000",
      "f": 3394908774,
      "l": 3394908774,
      "T": 1706607203722,
      "m": true,
      "M": true
    }
  },
  {
    "exchange": "binance",
    "instrument": "btcusdt",
    "insType": "spot",
    "obj": "trades",
    "btc_price": 43420.67,
    "timestamp": 1706607277.2993677,
    "data": {
      "e": "aggTrade",
      "E": 1706607204496,
      "s": "BTCUSDT",
      "a": 2847763821,
      "p": "43420.66000000",
      "q": "0.00089000",
      "f": 3394908777,
      "l": 3394908777,
      "T": 1706607204496,
      "m": true,
      "M": true
    }
  },
  {
    "exchange": "binance",
    "instrument": "btcusdt",
    "insType": "spot",
    "obj": "trades",
    "btc_price": 43420.67,
    "timestamp": 1706607277.3057387,
    "data": {
      "e": "aggTrade",
      "E": 1706607207041,
      "s": "BTCUSDT",
      "a": 2847763824,
      "p": "43420.66000000",
      "q": "0.00064000",
      "f": 3394908780,
      "l": 3394908780,
      "T": 1706607207040,
      "m": true,
      "M": true
    }
  },
  {
    "exchange": "binance",
    "instrument": "btcusdt",
    "insType": "spot",
    "obj": "trades",
    "btc_price": 43420.67,
    "timestamp": 1706607277.3111324,
    "data": {
      "e": "aggTrade",
      "E": 1706607210413,
      "s": "BTCUSDT",
      "a": 2847763827,
      "p": "43420.67000000",
      "q": "0.00046000",
      "f": 3394908783,
      "l": 3394908783,
      "T": 1706607210412,
      "m": false,
      "M": true
    }
  },
  {
    "exchange": "binance",
    "instrument": "btcusdt",
    "insType": "spot",
    "obj": "trades",
    "btc_price": 43420.66,
    "timestamp": 1706607277.3165588,
    "data": {
      "e": "aggTrade",
      "E": 1706607212231,
      "s": "BTCUSDT",
      "a": 2847763830,
      "p": "43420.67000000",
      "q": "0.00243000",
      "f": 3394908794,
      "l": 3394908794,
      "T": 1706607212230,
      "m": false,
      "M": true
    }
  },
  {
    "exchange": "binance",
    "instrument": "btcusdt",
    "insType": "spot",
    "obj": "trades",
    "btc_price": 43420.67,
    "timestamp": 1706607277.3220315,
    "data": {
      "e": "aggTrade",
      "E": 1706607213383,
      "s": "BTCUSDT",
      "a": 2847763833,
      "p": "43420.67000000",
      "q": "0.00288000",
      "f": 3394908797,
      "l": 3394908797,
      "T": 1706607213383,
      "m": false,
      "M": true
    }
  },
  {
    "exchange": "binance",
    "instrument": "btcusdt",
    "insType": "spot",
    "obj": "trades",
    "btc_price": 43420.67,
    "timestamp": 1706607277.3273895,
    "data": {
      "e": "aggTrade",
      "E": 1706607213827,
      "s": "BTCUSDT",
      "a": 2847763836,
      "p": "43420.66000000",
      "q": "0.00076000",
      "f": 3394908801,
      "l": 3394908801,
      "T": 1706607213826,
      "m": true,
      "M": true
    }
  },
  {
    "exchange": "binance",
    "instrument": "btcusdt",
    "insType": "spot",
    "obj": "trades",
    "btc_price": 43420.67,
    "timestamp": 1706607277.3329434,
    "data": {
      "e": "aggTrade",
      "E": 1706607213890,
      "s": "BTCUSDT",
      "a": 2847763839,
      "p": "43420.67000000",
      "q": "0.00232000",
      "f": 3394908804,
      "l": 3394908804,
      "T": 1706607213889,
      "m": false,
      "M": true
    }
  },
  {
    "exchange": "binance",
    "instrument": "btcusdt",
    "insType": "spot",
    "obj": "trades",
    "btc_price": 43420.67,
    "timestamp": 1706607277.3381488,
    "data": {
      "e": "aggTrade",
      "E": 1706607214275,
      "s": "BTCUSDT",
      "a": 2847763842,
      "p": "43420.67000000",
      "q": "1.97155000",
      "f": 3394908807,
      "l": 3394908820,
      "T": 1706607214274,
      "m": false,
      "M": true
    }
  },
  {
    "exchange": "binance",
    "instrument": "btcusdt",
    "insType": "spot",
    "obj": "trades",
    "btc_price": 43420.81,
    "timestamp": 1706607277.343403,
    "data": {
      "e": "aggTrade",
      "E": 1706607214275,
      "s": "BTCUSDT",
      "a": 2847763845,
      "p": "43420.94000000",
      "q": "0.34558000",
      "f": 3394908823,
      "l": 3394908823,
      "T": 1706607214274,
      "m": false,
      "M": true
    }
  },
  {
    "exchange": "binance",
    "instrument": "btcusdt",
    "insType": "spot",
    "obj": "trades",
    "btc_price": 43421.19,
    "timestamp": 1706607286.950136,
    "data": {
      "e": "aggTrade",
      "E": 1706607215031,
      "s": "BTCUSDT",
      "a": 2847763848,
      "p": "43421.20000000",
      "q": "0.00044000",
      "f": 3394908826,
      "l": 3394908826,
      "T": 1706607215031,
      "m": false,
      "M": true
    }
  },
  {
    "exchange": "binance",
    "instrument": "btcusdt",
    "insType": "spot",
    "obj": "trades",
    "btc_price": 43421.2,
    "timestamp": 1706607286.9560893,
    "data": {
      "e": "aggTrade",
      "E": 1706607215630,
      "s": "BTCUSDT",
      "a": 2847763851,
      "p": "43421.90000000",
      "q": "0.15000000",
      "f": 3394908829,
      "l": 3394908829,
      "T": 1706607215621,
      "m": true,
      "M": true
    }
  },
  {
    "exchange": "binance",
    "instrument": "btcusdt",
    "insType": "spot",
    "obj": "trades",
    "btc_price": 43421.25,
    "timestamp": 1706607286.9646244,
    "data": {
      "e": "aggTrade",
      "E": 1706607215630,
      "s": "BTCUSDT",
      "a": 2847763854,
      "p": "43421.19000000",
      "q": "1.65524000",
      "f": 3394908832,
      "l": 3394908834,
      "T": 1706607215621,
      "m": true,
      "M": true
    }
  },
  {
    "exchange": "binance",
    "instrument": "btcusdt",
    "insType": "spot",
    "obj": "trades",
    "btc_price": 43422.02,
    "timestamp": 1706607286.9705982,
    "data": {
      "e": "aggTrade",
      "E": 1706607215732,
      "s": "BTCUSDT",
      "a": 2847763857,
      "p": "43422.26000000",
      "q": "0.00012000",
      "f": 3394908838,
      "l": 3394908838,
      "T": 1706607215661,
      "m": false,
      "M": true
    }
  },
  {
    "exchange": "binance",
    "instrument": "btcusdt",
    "insType": "spot",
    "obj": "trades",
    "btc_price": 43422.36,
    "timestamp": 1706607286.9758325,
    "data": {
      "e": "aggTrade",
      "E": 1706607215732,
      "s": "BTCUSDT",
      "a": 2847763860,
      "p": "43422.57000000",
      "q": "0.00020000",
      "f": 3394908841,
      "l": 3394908841,
      "T": 1706607215661,
      "m": false,
      "M": true
    }
  },
  {
    "exchange": "binance",
    "instrument": "btcusdt",
    "insType": "spot",
    "obj": "trades",
    "btc_price": 43422.87,
    "timestamp": 1706607286.9818811,
    "data": {
      "e": "aggTrade",
      "E": 1706607216075,
      "s": "BTCUSDT",
      "a": 2847763863,
      "p": "43422.88000000",
      "q": "0.18063000",
      "f": 3394908844,
      "l": 3394908844,
      "T": 1706607216075,
      "m": false,
      "M": true
    }
  },
  {
    "exchange": "binance",
    "instrument": "btcusdt",
    "insType": "spot",
    "obj": "trades",
    "btc_price": 43422.87,
    "timestamp": 1706607286.9878902,
    "data": {
      "e": "aggTrade",
      "E": 1706607216909,
      "s": "BTCUSDT",
      "a": 2847763866,
      "p": "43422.87000000",
      "q": "0.00345000",
      "f": 3394908847,
      "l": 3394908847,
      "T": 1706607216908,
      "m": true,
      "M": true
    }
  },
  {
    "exchange": "binance",
    "instrument": "btcusdt",
    "insType": "spot",
    "obj": "trades",
    "btc_price": 43422.88,
    "timestamp": 1706607286.993712,
    "data": {
      "e": "aggTrade",
      "E": 1706607217377,
      "s": "BTCUSDT",
      "a": 2847763869,
      "p": "43422.88000000",
      "q": "0.00833000",
      "f": 3394908850,
      "l": 3394908850,
      "T": 1706607217376,
      "m": false,
      "M": true
    }
  },
  {
    "exchange": "binance",
    "instrument": "btcusdt",
    "insType": "spot",
    "obj": "trades",
    "btc_price": 43422.87,
    "timestamp": 1706607286.9995716,
    "data": {
      "e": "aggTrade",
      "E": 1706607218670,
      "s": "BTCUSDT",
      "a": 2847763872,
      "p": "43422.88000000",
      "q": "0.12539000",
      "f": 3394908853,
      "l": 3394908855,
      "T": 1706607218669,
      "m": false,
      "M": true
    }
  },
  {
    "exchange": "binance",
    "instrument": "btcusdt",
    "insType": "spot",
    "obj": "trades",
    "btc_price": 43422.87,
    "timestamp": 1706607287.005027,
    "data": {
      "e": "aggTrade",
      "E": 1706607220566,
      "s": "BTCUSDT",
      "a": 2847763875,
      "p": "43422.88000000",
      "q": "0.50000000",
      "f": 3394908859,
      "l": 3394908859,
      "T": 1706607220565,
      "m": false,
      "M": true
    }
  },
  {
    "exchange": "binance",
    "instrument": "btcusdt",
    "insType": "spot",
    "obj": "trades",
    "btc_price": 43422.88,
    "timestamp": 1706607296.70864,
    "data": {
      "e": "aggTrade",
      "E": 1706607220773,
      "s": "BTCUSDT",
      "a": 2847763878,
      "p": "43422.87000000",
      "q": "0.03000000",
      "f": 3394908862,
      "l": 3394908862,
      "T": 1706607220773,
      "m": true,
      "M": true
    }
  },
  {
    "exchange": "binance",
    "instrument": "btcusdt",
    "insType": "spot",
    "obj": "trades",
    "btc_price": 43422.88,
    "timestamp": 1706607296.7152073,
    "data": {
      "e": "aggTrade",
      "E": 1706607221550,
      "s": "BTCUSDT",
      "a": 2847763881,
      "p": "43422.88000000",
      "q": "0.03019000",
      "f": 3394908865,
      "l": 3394908865,
      "T": 1706607221550,
      "m": false,
      "M": true
    }
  },
  {
    "exchange": "binance",
    "instrument": "btcusdt",
    "insType": "spot",
    "obj": "trades",
    "btc_price": 43422.88,
    "timestamp": 1706607296.7216969,
    "data": {
      "e": "aggTrade",
      "E": 1706607222547,
      "s": "BTCUSDT",
      "a": 2847763884,
      "p": "43422.87000000",
      "q": "0.03082000",
      "f": 3394908868,
      "l": 3394908868,
      "T": 1706607222546,
      "m": true,
      "M": true
    }
  },
  {
    "exchange": "binance",
    "instrument": "btcusdt",
    "insType": "spot",
    "obj": "trades",
    "btc_price": 43422.87,
    "timestamp": 1706607296.7277749,
    "data": {
      "e": "aggTrade",
      "E": 1706607223319,
      "s": "BTCUSDT",
      "a": 2847763887,
      "p": "43422.88000000",
      "q": "0.00101000",
      "f": 3394908871,
      "l": 3394908871,
      "T": 1706607223318,
      "m": false,
      "M": true
    }
  },
  {
    "exchange": "binance",
    "instrument": "btcusdt",
    "insType": "spot",
    "obj": "trades",
    "btc_price": 43422.88,
    "timestamp": 1706607296.7361815,
    "data": {
      "e": "aggTrade",
      "E": 1706607223874,
      "s": "BTCUSDT",
      "a": 2847763890,
      "p": "43422.88000000",
      "q": "0.00529000",
      "f": 3394908874,
      "l": 3394908874,
      "T": 1706607223874,
      "m": false,
      "M": true
    }
  },
  {
    "exchange": "binance",
    "instrument": "btcusdt",
    "insType": "spot",
    "obj": "trades",
    "btc_price": 43422.88,
    "timestamp": 1706607296.7423015,
    "data": {
      "e": "aggTrade",
      "E": 1706607224827,
      "s": "BTCUSDT",
      "a": 2847763893,
      "p": "43422.87000000",
      "q": "0.00627000",
      "f": 3394908877,
      "l": 3394908877,
      "T": 1706607224826,
      "m": true,
      "M": true
    }
  },
  {
    "exchange": "binance",
    "instrument": "btcusdt",
    "insType": "spot",
    "obj": "trades",
    "btc_price": 43422.88,
    "timestamp": 1706607296.7485118,
    "data": {
      "e": "aggTrade",
      "E": 1706607225217,
      "s": "BTCUSDT",
      "a": 2847763896,
      "p": "43422.87000000",
      "q": "0.00146000",
      "f": 3394908880,
      "l": 3394908880,
      "T": 1706607225216,
      "m": true,
      "M": true
    }
  },
  {
    "exchange": "binance",
    "instrument": "btcusdt",
    "insType": "spot",
    "obj": "trades",
    "btc_price": 43422.87,
    "timestamp": 1706607296.7547035,
    "data": {
      "e": "aggTrade",
      "E": 1706607225979,
      "s": "BTCUSDT",
      "a": 2847763899,
      "p": "43422.87000000",
      "q": "0.03000000",
      "f": 3394908883,
      "l": 3394908883,
      "T": 1706607225979,
      "m": true,
      "M": true
    }
  },
  {
    "exchange": "binance",
    "instrument": "btcusdt",
    "insType": "spot",
    "obj": "trades",
    "btc_price": 43422.87,
    "timestamp": 1706607296.7609434,
    "data": {
      "e": "aggTrade",
      "E": 1706607226207,
      "s": "BTCUSDT",
      "a": 2847763902,
      "p": "43422.88000000",
      "q": "0.28000000",
      "f": 3394908886,
      "l": 3394908886,
      "T": 1706607226206,
      "m": false,
      "M": true
    }
  },
  {
    "exchange": "binance",
    "instrument": "btcusdt",
    "insType": "spot",
    "obj": "trades",
    "btc_price": 43422.87,
    "timestamp": 1706607296.7671163,
    "data": {
      "e": "aggTrade",
      "E": 1706607227357,
      "s": "BTCUSDT",
      "a": 2847763905,
      "p": "43422.88000000",
      "q": "0.03212000",
      "f": 3394908895,
      "l": 3394908898,
      "T": 1706607227357,
      "m": false,
      "M": true
    }
  },
  {
    "exchange": "binance",
    "instrument": "btcusdt",
    "insType": "spot",
    "obj": "trades",
    "btc_price": 43422.87,
    "timestamp": 1706607296.7736986,
    "data": {
      "e": "aggTrade",
      "E": 1706607228138,
      "s": "BTCUSDT",
      "a": 2847763908,
      "p": "43422.87000000",
      "q": "0.03000000",
      "f": 3394908901,
      "l": 3394908901,
      "T": 1706607228137,
      "m": true,
      "M": true
    }
  },
  {
    "exchange": "binance",
    "instrument": "btcusdt",
    "insType": "spot",
    "obj": "trades",
    "btc_price": 43422.87,
    "timestamp": 1706607307.007583,
    "data": {
      "e": "aggTrade",
      "E": 1706607228743,
      "s": "BTCUSDT",
      "a": 2847763911,
      "p": "43422.87000000",
      "q": "0.00080000",
      "f": 3394908904,
      "l": 3394908904,
      "T": 1706607228742,
      "m": true,
      "M": true
    }
  },
  {
    "exchange": "binance",
    "instrument": "btcusdt",
    "insType": "spot",
    "obj": "trades",
    "btc_price": 43422.87,
    "timestamp": 1706607307.0141912,
    "data": {
      "e": "aggTrade",
      "E": 1706607230400,
      "s": "BTCUSDT",
      "a": 2847763914,
      "p": "43422.88000000",
      "q": "2.05534000",
      "f": 3394908907,
      "l": 3394908928,
      "T": 1706607230399,
      "m": false,
      "M": true
    }
  },
  {
    "exchange": "binance",
    "instrument": "btcusdt",
    "insType": "spot",
    "obj": "trades",
    "btc_price": 43422.96,
    "timestamp": 1706607307.0202703,
    "data": {
      "e": "aggTrade",
      "E": 1706607230404,
      "s": "BTCUSDT",
      "a": 2847763917,
      "p": "43422.96000000",
      "q": "0.00092000",
      "f": 3394908931,
      "l": 3394908931,
      "T": 1706607230403,
      "m": false,
      "M": true
    }
  },
  {
    "exchange": "binance",
    "instrument": "btcusdt",
    "insType": "spot",
    "obj": "trades",
    "btc_price": 43423.49,
    "timestamp": 1706607307.0259793,
    "data": {
      "e": "aggTrade",
      "E": 1706607230549,
      "s": "BTCUSDT",
      "a": 2847763920,
      "p": "43423.50000000",
      "q": "0.00012000",
      "f": 3394908934,
      "l": 3394908934,
      "T": 1706607230548,
      "m": false,
      "M": true
    }
  },
  {
    "exchange": "binance",
    "instrument": "btcusdt",
    "insType": "spot",
    "obj": "trades",
    "btc_price": 43424.29,
    "timestamp": 1706607307.031734,
    "data": {
      "e": "aggTrade",
      "E": 1706607230549,
      "s": "BTCUSDT",
      "a": 2847763923,
      "p": "43424.33000000",
      "q": "0.00018000",
      "f": 3394908937,
      "l": 3394908937,
      "T": 1706607230548,
      "m": false,
      "M": true
    }
  },
  {
    "exchange": "binance",
    "instrument": "btcusdt",
    "insType": "spot",
    "obj": "trades",
    "btc_price": 43425.1,
    "timestamp": 1706607307.0371642,
    "data": {
      "e": "aggTrade",
      "E": 1706607230570,
      "s": "BTCUSDT",
      "a": 2847763926,
      "p": "43425.59000000",
      "q": "0.02373000",
      "f": 3394908940,
      "l": 3394908940,
      "T": 1706607230567,
      "m": false,
      "M": true
    }
  },
  {
    "exchange": "binance",
    "instrument": "btcusdt",
    "insType": "spot",
    "obj": "trades",
    "btc_price": 43426.07,
    "timestamp": 1706607307.0426288,
    "data": {
      "e": "aggTrade",
      "E": 1706607230575,
      "s": "BTCUSDT",
      "a": 2847763929,
      "p": "43426.31000000",
      "q": "0.00021000",
      "f": 3394908943,
      "l": 3394908943,
      "T": 1706607230569,
      "m": false,
      "M": true
    }
  },
  {
    "exchange": "binance",
    "instrument": "btcusdt",
    "insType": "spot",
    "obj": "trades",
    "btc_price": 43426.6,
    "timestamp": 1706607307.0495749,
    "data": {
      "e": "aggTrade",
      "E": 1706607230575,
      "s": "BTCUSDT",
      "a": 2847763932,
      "p": "43426.67000000",
      "q": "0.00046000",
      "f": 3394908946,
      "l": 3394908946,
      "T": 1706607230569,
      "m": false,
      "M": true
    }
  },
  {
    "exchange": "binance",
    "instrument": "btcusdt",
    "insType": "spot",
    "obj": "trades",
    "btc_price": 43426.86,
    "timestamp": 1706607307.0561528,
    "data": {
      "e": "aggTrade",
      "E": 1706607230575,
      "s": "BTCUSDT",
      "a": 2847763935,
      "p": "43426.91000000",
      "q": "0.00021000",
      "f": 3394908949,
      "l": 3394908949,
      "T": 1706607230569,
      "m": false,
      "M": true
    }
  },
  {
    "exchange": "binance",
    "instrument": "btcusdt",
    "insType": "spot",
    "obj": "trades",
    "btc_price": 43427.01,
    "timestamp": 1706607307.0650866,
    "data": {
      "e": "aggTrade",
      "E": 1706607231293,
      "s": "BTCUSDT",
      "a": 2847763938,
      "p": "43427.00000000",
      "q": "0.00035000",
      "f": 3394908952,
      "l": 3394908952,
      "T": 1706607231292,
      "m": true,
      "M": true
    }
  },
  {
    "exchange": "binance",
    "instrument": "btcusdt",
    "insType": "spot",
    "obj": "trades",
    "btc_price": 43427.0,
    "timestamp": 1706607307.0714784,
    "data": {
      "e": "aggTrade",
      "E": 1706607233505,
      "s": "BTCUSDT",
      "a": 2847763941,
      "p": "43427.00000000",
      "q": "0.03000000",
      "f": 3394908955,
      "l": 3394908955,
      "T": 1706607233505,
      "m": true,
      "M": true
    }
  },
  {
    "exchange": "binance",
    "instrument": "btcusdt",
    "insType": "spot",
    "obj": "trades",
    "btc_price": 43427.0,
    "timestamp": 1706607318.5571234,
    "data": {
      "e": "aggTrade",
      "E": 1706607234569,
      "s": "BTCUSDT",
      "a": 2847763944,
      "p": "43427.01000000",
      "q": "0.00500000",
      "f": 3394908958,
      "l": 3394908959,
      "T": 1706607234568,
      "m": false,
      "M": true
    }
  },
  {
    "exchange": "binance",
    "instrument": "btcusdt",
    "insType": "spot",
    "obj": "trades",
    "btc_price": 43427.0,
    "timestamp": 1706607318.5637102,
    "data": {
      "e": "aggTrade",
      "E": 1706607236035,
      "s": "BTCUSDT",
      "a": 2847763947,
      "p": "43427.00000000",
      "q": "0.01437000",
      "f": 3394908962,
      "l": 3394908962,
      "T": 1706607236034,
      "m": true,
      "M": true
    }
  },
  {
    "exchange": "binance",
    "instrument": "btcusdt",
    "insType": "spot",
    "obj": "trades",
    "btc_price": 43427.0,
    "timestamp": 1706607318.5759525,
    "data": {
      "e": "aggTrade",
      "E": 1706607236453,
      "s": "BTCUSDT",
      "a": 2847763950,
      "p": "43427.00000000",
      "q": "0.00168000",
      "f": 3394908965,
      "l": 3394908965,
      "T": 1706607236452,
      "m": true,
      "M": true
    }
  },
  {
    "exchange": "binance",
