[
  {
    "exchange": "binance",
    "instrument": "btcfdusd",
    "insType": "spot",
    "obj": "trades",
    "btc_price": 43390.79,
    "timestamp": 1706607144.2389443,
    "data": {
      "e": "aggTrade",
      "E": 1706607141429,
      "s": "BTCFDUSD",
      "a": 233101347,
      "p": "43392.14000000",
      "q": "0.03474000",
      "f": 276315714,
      "l": 276315714,
      "T": 1706607141429,
      "m": true,
      "M": true
    }
  },
  {
    "exchange": "binance",
    "instrument": "btcfdusd",
    "insType": "spot",
    "obj": "trades",
    "btc_price": 43390.79,
    "timestamp": 1706607144.2391784,
    "data": {
      "e": "aggTrade",
      "E": 1706607141580,
      "s": "BTCFDUSD",
      "a": 233101349,
      "p": "43392.23000000",
      "q": "0.02444000",
      "f": 276315716,
      "l": 276315716,
      "T": 1706607141579,
      "m": true,
      "M": true
    }
  },
  {
    "exchange": "binance",
    "instrument": "btcfdusd",
    "insType": "spot",
    "obj": "trades",
    "btc_price": 43390.79,
    "timestamp": 1706607144.2396662,
    "data": {
      "e": "aggTrade",
      "E": 1706607141726,
      "s": "BTCFDUSD",
      "a": 233101351,
      "p": "43393.77000000",
      "q": "0.03556000",
      "f": 276315718,
      "l": 276315718,
      "T": 1706607141725,
      "m": false,
      "M": true
    }
  },
  {
    "exchange": "binance",
    "instrument": "btcfdusd",
    "insType": "spot",
    "obj": "trades",
    "btc_price": 43390.79,
    "timestamp": 1706607144.2399695,
    "data": {
      "e": "aggTrade",
      "E": 1706607141726,
      "s": "BTCFDUSD",
      "a": 233101353,
      "p": "43393.90000000",
      "q": "0.14416000",
      "f": 276315720,
      "l": 276315720,
      "T": 1706607141725,
      "m": false,
      "M": true
    }
  },
  {
    "exchange": "binance",
    "instrument": "btcfdusd",
    "insType": "spot",
    "obj": "trades",
    "btc_price": 43390.79,
    "timestamp": 1706607144.240329,
    "data": {
      "e": "aggTrade",
      "E": 1706607141726,
      "s": "BTCFDUSD",
      "a": 233101355,
      "p": "43394.02000000",
      "q": "0.03683000",
      "f": 276315722,
      "l": 276315722,
      "T": 1706607141725,
      "m": false,
      "M": true
    }
  },
  {
    "exchange": "binance",
    "instrument": "btcfdusd",
    "insType": "spot",
    "obj": "trades",
    "btc_price": 43390.79,
    "timestamp": 1706607144.2407415,
    "data": {
      "e": "aggTrade",
      "E": 1706607142235,
      "s": "BTCFDUSD",
      "a": 233101357,
      "p": "43392.50000000",
      "q": "0.00030000",
      "f": 276315724,
      "l": 276315724,
      "T": 1706607142234,
      "m": true,
      "M": true
    }
  },
  {
    "exchange": "binance",
    "instrument": "btcfdusd",
    "insType": "spot",
    "obj": "trades",
    "btc_price": 43390.78,
    "timestamp": 1706607147.05827,
    "data": {
      "e": "aggTrade",
      "E": 1706607146944,
      "s": "BTCFDUSD",
      "a": 233101359,
      "p": "43393.13000000",
      "q": "0.11527000",
      "f": 276315726,
      "l": 276315726,
      "T": 1706607146943,
      "m": false,
      "M": true
    }
  },
  {
    "exchange": "binance",
    "instrument": "btcfdusd",
    "insType": "spot",
    "obj": "trades",
    "btc_price": 43390.78,
    "timestamp": 1706607148.1326373,
    "data": {
      "e": "aggTrade",
      "E": 1706607148006,
      "s": "BTCFDUSD",
      "a": 233101361,
      "p": "43393.13000000",
      "q": "0.11527000",
      "f": 276315728,
      "l": 276315728,
      "T": 1706607148005,
      "m": false,
      "M": true
    }
  },
  {
    "exchange": "binance",
    "instrument": "btcfdusd",
    "insType": "spot",
    "obj": "trades",
    "btc_price": 43390.78,
    "timestamp": 1706607149.121712,
    "data": {
      "e": "aggTrade",
      "E": 1706607148985,
      "s": "BTCFDUSD",
      "a": 233101363,
      "p": "43395.09000000",
      "q": "0.00806000",
      "f": 276315730,
      "l": 276315731,
      "T": 1706607148984,
      "m": false,
      "M": true
    }
  },
  {
    "exchange": "binance",
    "instrument": "btcfdusd",
    "insType": "spot",
    "obj": "trades",
    "btc_price": 43390.78,
    "timestamp": 1706607149.1221905,
    "data": {
      "e": "aggTrade",
      "E": 1706607148985,
      "s": "BTCFDUSD",
      "a": 233101365,
      "p": "43395.99000000",
      "q": "0.15482000",
      "f": 276315733,
      "l": 276315733,
      "T": 1706607148984,
      "m": false,
      "M": true
    }
  },
  {
    "exchange": "binance",
    "instrument": "btcfdusd",
    "insType": "spot",
    "obj": "trades",
    "btc_price": 43390.78,
    "timestamp": 1706607149.1226602,
    "data": {
      "e": "aggTrade",
      "E": 1706607148991,
      "s": "BTCFDUSD",
      "a": 233101367,
      "p": "43396.21000000",
      "q": "0.02000000",
      "f": 276315735,
      "l": 276315735,
      "T": 1706607148987,
      "m": false,
      "M": true
    }
  },
  {
    "exchange": "binance",
    "instrument": "btcfdusd",
    "insType": "spot",
    "obj": "trades",
    "btc_price": 43390.78,
    "timestamp": 1706607149.123175,
    "data": {
      "e": "aggTrade",
      "E": 1706607148994,
      "s": "BTCFDUSD",
      "a": 233101369,
      "p": "43396.97000000",
      "q": "0.07916000",
      "f": 276315737,
      "l": 276315737,
      "T": 1706607148988,
      "m": false,
      "M": true
    }
  },
  {
    "exchange": "binance",
    "instrument": "btcfdusd",
    "insType": "spot",
    "obj": "trades",
    "btc_price": 43390.78,
    "timestamp": 1706607149.1348102,
    "data": {
      "e": "aggTrade",
      "E": 1706607148996,
      "s": "BTCFDUSD",
      "a": 233101371,
      "p": "43397.00000000",
      "q": "0.00461000",
      "f": 276315739,
      "l": 276315739,
      "T": 1706607148989,
      "m": false,
      "M": true
    }
  },
  {
    "exchange": "binance",
    "instrument": "btcfdusd",
    "insType": "spot",
    "obj": "trades",
    "btc_price": 43390.78,
    "timestamp": 1706607149.1354282,
    "data": {
      "e": "aggTrade",
      "E": 1706607148996,
      "s": "BTCFDUSD",
      "a": 233101373,
      "p": "43397.18000000",
      "q": "0.01000000",
      "f": 276315741,
      "l": 276315741,
      "T": 1706607148989,
      "m": false,
      "M": true
    }
  },
  {
    "exchange": "binance",
    "instrument": "btcfdusd",
    "insType": "spot",
    "obj": "trades",
    "btc_price": 43390.78,
    "timestamp": 1706607149.178487,
    "data": {
      "e": "aggTrade",
      "E": 1706607149065,
      "s": "BTCFDUSD",
      "a": 233101375,
      "p": "43397.67000000",
      "q": "0.01376000",
      "f": 276315743,
      "l": 276315743,
      "T": 1706607149048,
      "m": true,
      "M": true
    }
  },
  {
    "exchange": "binance",
    "instrument": "btcfdusd",
    "insType": "spot",
    "obj": "trades",
    "btc_price": 43390.78,
    "timestamp": 1706607149.1812623,
    "data": {
      "e": "aggTrade",
      "E": 1706607149067,
      "s": "BTCFDUSD",
      "a": 233101377,
      "p": "43397.68000000",
      "q": "0.00026000",
      "f": 276315745,
      "l": 276315745,
      "T": 1706607149050,
      "m": false,
      "M": true
    }
  },
  {
    "exchange": "binance",
    "instrument": "btcfdusd",
    "insType": "spot",
    "obj": "trades",
    "btc_price": 43390.78,
    "timestamp": 1706607150.3466961,
    "data": {
      "e": "aggTrade",
      "E": 1706607150230,
      "s": "BTCFDUSD",
      "a": 233101379,
      "p": "43397.64000000",
      "q": "0.06000000",
      "f": 276315747,
      "l": 276315747,
      "T": 1706607150229,
      "m": false,
      "M": true
    }
  },
  {
    "exchange": "binance",
    "instrument": "btcfdusd",
    "insType": "spot",
    "obj": "trades",
    "btc_price": 43390.78,
    "timestamp": 1706607150.5429406,
    "data": {
      "e": "aggTrade",
      "E": 1706607150421,
      "s": "BTCFDUSD",
      "a": 233101381,
      "p": "43398.11000000",
      "q": "0.00100000",
      "f": 276315749,
      "l": 276315749,
      "T": 1706607150403,
      "m": false,
      "M": true
    }
  },
  {
    "exchange": "binance",
    "instrument": "btcfdusd",
    "insType": "spot",
    "obj": "trades",
    "btc_price": 43390.79,
    "timestamp": 1706607151.2757945,
    "data": {
      "e": "aggTrade",
      "E": 1706607151161,
      "s": "BTCFDUSD",
      "a": 233101383,
      "p": "43398.37000000",
      "q": "0.01250000",
      "f": 276315751,
      "l": 276315751,
      "T": 1706607151160,
      "m": false,
      "M": true
    }
  },
  {
    "exchange": "binance",
    "instrument": "btcfdusd",
    "insType": "spot",
    "obj": "trades",
    "btc_price": 43390.78,
    "timestamp": 1706607151.6714494,
    "data": {
      "e": "aggTrade",
      "E": 1706607151556,
      "s": "BTCFDUSD",
      "a": 233101385,
      "p": "43397.89000000",
      "q": "0.00016000",
      "f": 276315753,
      "l": 276315753,
      "T": 1706607151556,
      "m": true,
      "M": true
    }
  },
  {
    "exchange": "binance",
    "instrument": "btcfdusd",
    "insType": "spot",
    "obj": "trades",
    "btc_price": 43390.78,
    "timestamp": 1706607151.9781601,
    "data": {
      "e": "aggTrade",
      "E": 1706607151862,
      "s": "BTCFDUSD",
      "a": 233101387,
      "p": "43398.89000000",
      "q": "0.00216000",
      "f": 276315755,
      "l": 276315755,
      "T": 1706607151836,
      "m": false,
      "M": true
    }
  },
  {
    "exchange": "binance",
    "instrument": "btcfdusd",
    "insType": "spot",
    "obj": "trades",
    "btc_price": 43390.79,
    "timestamp": 1706607152.0263135,
    "data": {
      "e": "aggTrade",
      "E": 1706607151910,
      "s": "BTCFDUSD",
      "a": 233101389,
      "p": "43399.01000000",
      "q": "0.00584000",
      "f": 276315757,
      "l": 276315757,
      "T": 1706607151859,
      "m": false,
      "M": true
    }
  },
  {
    "exchange": "binance",
    "instrument": "btcfdusd",
    "insType": "spot",
    "obj": "trades",
    "btc_price": 43390.79,
    "timestamp": 1706607152.0271492,
    "data": {
      "e": "aggTrade",
      "E": 1706607151910,
      "s": "BTCFDUSD",
      "a": 233101391,
      "p": "43399.93000000",
      "q": "0.02265000",
      "f": 276315759,
      "l": 276315759,
      "T": 1706607151859,
      "m": false,
      "M": true
    }
  },
  {
    "exchange": "binance",
    "instrument": "btcfdusd",
    "insType": "spot",
    "obj": "trades",
    "btc_price": 43390.79,
    "timestamp": 1706607152.0280955,
    "data": {
      "e": "aggTrade",
      "E": 1706607151910,
      "s": "BTCFDUSD",
      "a": 233101393,
      "p": "43399.95000000",
      "q": "0.79918000",
      "f": 276315761,
      "l": 276315762,
      "T": 1706607151859,
      "m": false,
      "M": true
    }
  },
  {
    "exchange": "binance",
    "instrument": "btcfdusd",
    "insType": "spot",
    "obj": "trades",
    "btc_price": 43390.79,
    "timestamp": 1706607152.029323,
    "data": {
      "e": "aggTrade",
      "E": 1706607151910,
      "s": "BTCFDUSD",
      "a": 233101395,
      "p": "43400.00000000",
      "q": "0.04197000",
      "f": 276315765,
      "l": 276315767,
      "T": 1706607151859,
      "m": false,
      "M": true
    }
  },
  {
    "exchange": "binance",
    "instrument": "btcfdusd",
    "insType": "spot",
    "obj": "trades",
    "btc_price": 43390.79,
    "timestamp": 1706607152.0304327,
    "data": {
      "e": "aggTrade",
      "E": 1706607151912,
      "s": "BTCFDUSD",
      "a": 233101397,
      "p": "43400.00000000",
      "q": "0.54142000",
      "f": 276315770,
      "l": 276315770,
      "T": 1706607151860,
      "m": false,
      "M": true
    }
  },
  {
    "exchange": "binance",
    "instrument": "btcfdusd",
    "insType": "spot",
    "obj": "trades",
    "btc_price": 43390.79,
    "timestamp": 1706607152.0322618,
    "data": {
      "e": "aggTrade",
      "E": 1706607151917,
      "s": "BTCFDUSD",
      "a": 233101399,
      "p": "43400.10000000",
      "q": "0.02000000",
      "f": 276315776,
      "l": 276315776,
      "T": 1706607151861,
      "m": false,
      "M": true
    }
  },
  {
    "exchange": "binance",
    "instrument": "btcfdusd",
    "insType": "spot",
    "obj": "trades",
    "btc_price": 43390.79,
    "timestamp": 1706607152.0332723,
    "data": {
      "e": "aggTrade",
      "E": 1706607151917,
      "s": "BTCFDUSD",
      "a": 233101401,
      "p": "43400.46000000",
      "q": "0.00461000",
      "f": 276315778,
      "l": 276315778,
      "T": 1706607151861,
      "m": false,
      "M": true
    }
  },
  {
    "exchange": "binance",
    "instrument": "btcfdusd",
    "insType": "spot",
    "obj": "trades",
    "btc_price": 43390.79,
    "timestamp": 1706607152.0352252,
    "data": {
      "e": "aggTrade",
      "E": 1706607151921,
      "s": "BTCFDUSD",
      "a": 233101403,
      "p": "43400.69000000",
      "q": "0.02000000",
      "f": 276315780,
      "l": 276315780,
      "T": 1706607151863,
      "m": false,
      "M": true
    }
  },
  {
    "exchange": "binance",
    "instrument": "btcfdusd",
    "insType": "spot",
    "obj": "trades",
    "btc_price": 43390.79,
    "timestamp": 1706607152.0361817,
    "data": {
      "e": "aggTrade",
      "E": 1706607151921,
      "s": "BTCFDUSD",
      "a": 233101405,
      "p": "43400.99000000",
      "q": "0.02000000",
      "f": 276315782,
      "l": 276315782,
      "T": 1706607151863,
      "m": false,
      "M": true
    }
  },
  {
    "exchange": "binance",
    "instrument": "btcfdusd",
    "insType": "spot",
    "obj": "trades",
    "btc_price": 43392.23,
    "timestamp": 1706607152.125615,
    "data": {
      "e": "aggTrade",
      "E": 1706607151986,
      "s": "BTCFDUSD",
      "a": 233101407,
      "p": "43400.49000000",
      "q": "0.00030000",
      "f": 276315784,
      "l": 276315784,
      "T": 1706607151894,
      "m": false,
      "M": true
    }
  },
  {
    "exchange": "binance",
    "instrument": "btcfdusd",
    "insType": "spot",
    "obj": "trades",
    "btc_price": 43392.23,
    "timestamp": 1706607152.126686,
    "data": {
      "e": "aggTrade",
      "E": 1706607151986,
      "s": "BTCFDUSD",
      "a": 233101409,
      "p": "43401.36000000",
      "q": "0.00410000",
      "f": 276315786,
      "l": 276315786,
      "T": 1706607151894,
      "m": false,
      "M": true
    }
  },
  {
    "exchange": "binance",
    "instrument": "btcfdusd",
    "insType": "spot",
    "obj": "trades",
    "btc_price": 43392.23,
    "timestamp": 1706607152.127715,
    "data": {
      "e": "aggTrade",
      "E": 1706607151986,
      "s": "BTCFDUSD",
      "a": 233101411,
      "p": "43401.88000000",
      "q": "0.02000000",
      "f": 276315788,
      "l": 276315788,
      "T": 1706607151894,
      "m": false,
      "M": true
    }
  },
  {
    "exchange": "binance",
    "instrument": "btcfdusd",
    "insType": "spot",
    "obj": "trades",
    "btc_price": 43392.23,
    "timestamp": 1706607152.128787,
    "data": {
      "e": "aggTrade",
      "E": 1706607151986,
      "s": "BTCFDUSD",
      "a": 233101413,
      "p": "43402.14000000",
      "q": "0.02000000",
      "f": 276315790,
      "l": 276315790,
      "T": 1706607151894,
      "m": false,
      "M": true
    }
  },
  {
    "exchange": "binance",
    "instrument": "btcfdusd",
    "insType": "spot",
    "obj": "trades",
    "btc_price": 43392.23,
    "timestamp": 1706607152.1307795,
    "data": {
      "e": "aggTrade",
      "E": 1706607151986,
      "s": "BTCFDUSD",
      "a": 233101415,
      "p": "43402.50000000",
      "q": "0.02048000",
      "f": 276315792,
      "l": 276315793,
      "T": 1706607151894,
      "m": false,
      "M": true
    }
  },
  {
    "exchange": "binance",
    "instrument": "btcfdusd",
    "insType": "spot",
    "obj": "trades",
    "btc_price": 43392.71,
    "timestamp": 1706607152.1639242,
    "data": {
      "e": "aggTrade",
      "E": 1706607152014,
      "s": "BTCFDUSD",
      "a": 233101417,
      "p": "43401.32000000",
      "q": "0.02200000",
      "f": 276315795,
      "l": 276315797,
      "T": 1706607151907,
      "m": true,
      "M": true
    }
  },
  {
    "exchange": "binance",
    "instrument": "btcfdusd",
    "insType": "spot",
    "obj": "trades",
    "btc_price": 43392.71,
    "timestamp": 1706607152.1652684,
    "data": {
      "e": "aggTrade",
      "E": 1706607152014,
      "s": "BTCFDUSD",
      "a": 233101419,
      "p": "43400.36000000",
      "q": "0.01179000",
      "f": 276315799,
      "l": 276315799,
      "T": 1706607151907,
      "m": true,
      "M": true
    }
  },
  {
    "exchange": "binance",
    "instrument": "btcfdusd",
    "insType": "spot",
    "obj": "trades",
    "btc_price": 43392.71,
    "timestamp": 1706607152.1665978,
    "data": {
      "e": "aggTrade",
      "E": 1706607152014,
      "s": "BTCFDUSD",
      "a": 233101421,
      "p": "43399.51000000",
      "q": "0.11181000",
      "f": 276315801,
      "l": 276315802,
      "T": 1706607151907,
      "m": true,
      "M": true
    }
  },
  {
    "exchange": "binance",
    "instrument": "btcfdusd",
    "insType": "spot",
    "obj": "trades",
    "btc_price": 43392.71,
    "timestamp": 1706607152.1679492,
    "data": {
      "e": "aggTrade",
      "E": 1706607152014,
      "s": "BTCFDUSD",
      "a": 233101423,
      "p": "43399.43000000",
      "q": "0.02188000",
      "f": 276315806,
      "l": 276315806,
      "T": 1706607151907,
      "m": true,
      "M": true
    }
  },
  {
    "exchange": "binance",
    "instrument": "btcfdusd",
    "insType": "spot",
    "obj": "trades",
    "btc_price": 43392.71,
    "timestamp": 1706607152.1795774,
    "data": {
      "e": "aggTrade",
      "E": 1706607152059,
      "s": "BTCFDUSD",
      "a": 233101425,
      "p": "43401.33000000",
      "q": "0.05877000",
      "f": 276315808,
      "l": 276315808,
      "T": 1706607151930,
      "m": true,
      "M": true
    }
  },
  {
    "exchange": "binance",
    "instrument": "btcfdusd",
    "insType": "spot",
    "obj": "trades",
    "btc_price": 43393.32,
    "timestamp": 1706607152.2621863,
    "data": {
      "e": "aggTrade",
      "E": 1706607152147,
      "s": "BTCFDUSD",
      "a": 233101427,
      "p": "43400.78000000",
      "q": "0.00059000",
      "f": 276315810,
      "l": 276315810,
      "T": 1706607151997,
      "m": true,
      "M": true
    }
  },
  {
    "exchange": "binance",
    "instrument": "btcfdusd",
    "insType": "spot",
    "obj": "trades",
    "btc_price": 43393.32,
    "timestamp": 1706607152.2768962,
    "data": {
      "e": "aggTrade",
      "E": 1706607152162,
      "s": "BTCFDUSD",
      "a": 233101429,
      "p": "43401.30000000",
      "q": "0.13223000",
      "f": 276315812,
      "l": 276315812,
      "T": 1706607152023,
      "m": false,
      "M": true
    }
  },
  {
    "exchange": "binance",
    "instrument": "btcfdusd",
    "insType": "spot",
    "obj": "trades",
    "btc_price": 43393.33,
    "timestamp": 1706607152.3526456,
    "data": {
      "e": "aggTrade",
      "E": 1706607152219,
      "s": "BTCFDUSD",
      "a": 233101431,
      "p": "43399.94000000",
      "q": "0.03716000",
      "f": 276315814,
      "l": 276315814,
      "T": 1706607152120,
      "m": true,
      "M": true
    }
  },
  {
    "exchange": "binance",
    "instrument": "btcfdusd",
    "insType": "spot",
    "obj": "trades",
    "btc_price": 43393.33,
    "timestamp": 1706607152.3616323,
    "data": {
      "e": "aggTrade",
      "E": 1706607152247,
      "s": "BTCFDUSD",
      "a": 233101433,
      "p": "43399.98000000",
      "q": "0.00013000",
      "f": 276315816,
      "l": 276315816,
      "T": 1706607152185,
      "m": true,
      "M": true
    }
  },
  {
    "exchange": "binance",
    "instrument": "btcfdusd",
    "insType": "spot",
    "obj": "trades",
    "btc_price": 43393.33,
    "timestamp": 1706607152.425566,
    "data": {
      "e": "aggTrade",
      "E": 1706607152311,
      "s": "BTCFDUSD",
      "a": 233101435,
      "p": "43399.93000000",
      "q": "0.00320000",
      "f": 276315818,
      "l": 276315818,
      "T": 1706607152310,
      "m": true,
      "M": true
    }
  },
  {
    "exchange": "binance",
    "instrument": "btcfdusd",
    "insType": "spot",
    "obj": "trades",
    "btc_price": 43393.33,
    "timestamp": 1706607152.4463236,
    "data": {
      "e": "aggTrade",
      "E": 1706607152332,
      "s": "BTCFDUSD",
      "a": 233101437,
      "p": "43401.35000000",
      "q": "0.02271000",
      "f": 276315820,
      "l": 276315820,
      "T": 1706607152329,
      "m": false,
      "M": true
    }
  },
  {
    "exchange": "binance",
    "instrument": "btcfdusd",
    "insType": "spot",
    "obj": "trades",
    "btc_price": 43393.33,
    "timestamp": 1706607152.4477654,
    "data": {
      "e": "aggTrade",
      "E": 1706607152332,
      "s": "BTCFDUSD",
      "a": 233101439,
      "p": "43401.66000000",
      "q": "0.00475000",
      "f": 276315822,
      "l": 276315822,
      "T": 1706607152329,
      "m": false,
      "M": true
    }
  },
  {
    "exchange": "binance",
    "instrument": "btcfdusd",
    "insType": "spot",
    "obj": "trades",
    "btc_price": 43393.33,
    "timestamp": 1706607152.4659107,
    "data": {
      "e": "aggTrade",
      "E": 1706607152351,
      "s": "BTCFDUSD",
      "a": 233101441,
      "p": "43399.44000000",
      "q": "0.00075000",
      "f": 276315824,
      "l": 276315824,
      "T": 1706607152350,
      "m": true,
      "M": true
    }
  },
  {
    "exchange": "binance",
    "instrument": "btcfdusd",
    "insType": "spot",
    "obj": "trades",
    "btc_price": 43393.33,
    "timestamp": 1706607152.6269515,
    "data": {
      "e": "aggTrade",
      "E": 1706607152512,
      "s": "BTCFDUSD",
      "a": 233101443,
      "p": "43399.46000000",
      "q": "0.02332000",
      "f": 276315826,
      "l": 276315826,
      "T": 1706607152511,
      "m": true,
      "M": true
    }
  },
  {
    "exchange": "binance",
    "instrument": "btcfdusd",
    "insType": "spot",
    "obj": "trades",
    "btc_price": 43393.33,
    "timestamp": 1706607153.004948,
    "data": {
      "e": "aggTrade",
      "E": 1706607152890,
      "s": "BTCFDUSD",
      "a": 233101445,
      "p": "43399.41000000",
      "q": "0.00083000",
      "f": 276315829,
      "l": 276315829,
      "T": 1706607152889,
      "m": true,
      "M": true
    }
  },
  {
    "exchange": "binance",
    "instrument": "btcfdusd",
    "insType": "spot",
    "obj": "trades",
    "btc_price": 43393.33,
    "timestamp": 1706607153.0591674,
    "data": {
      "e": "aggTrade",
      "E": 1706607152944,
      "s": "BTCFDUSD",
      "a": 233101447,
      "p": "43399.38000000",
      "q": "0.00230000",
      "f": 276315831,
      "l": 276315831,
      "T": 1706607152944,
      "m": true,
      "M": true
    }
  },
  {
    "exchange": "binance",
    "instrument": "btcfdusd",
    "insType": "spot",
    "obj": "trades",
    "btc_price": 43393.32,
    "timestamp": 1706607153.484306,
    "data": {
      "e": "aggTrade",
      "E": 1706607153369,
      "s": "BTCFDUSD",
      "a": 233101449,
      "p": "43399.38000000",
      "q": "0.00302000",
      "f": 276315833,
      "l": 276315833,
      "T": 1706607153369,
      "m": true,
      "M": true
    }
  },
  {
    "exchange": "binance",
    "instrument": "btcfdusd",
    "insType": "spot",
    "obj": "trades",
    "btc_price": 43393.33,
    "timestamp": 1706607154.008692,
    "data": {
      "e": "aggTrade",
      "E": 1706607153848,
      "s": "BTCFDUSD",
      "a": 233101451,
      "p": "43400.49000000",
      "q": "0.03299000",
      "f": 276315835,
      "l": 276315835,
      "T": 1706607153847,
      "m": false,
      "M": true
    }
  },
  {
    "exchange": "binance",
    "instrument": "btcfdusd",
    "insType": "spot",
    "obj": "trades",
    "btc_price": 43393.33,
    "timestamp": 1706607154.7861156,
    "data": {
      "e": "aggTrade",
      "E": 1706607154624,
      "s": "BTCFDUSD",
      "a": 233101453,
      "p": "43399.28000000",
      "q": "0.03464000",
      "f": 276315837,
      "l": 276315838,
      "T": 1706607154623,
      "m": true,
      "M": true
    }
  },
  {
    "exchange": "binance",
    "instrument": "btcfdusd",
    "insType": "spot",
    "obj": "trades",
    "btc_price": 43393.33,
    "timestamp": 1706607155.3545914,
    "data": {
      "e": "aggTrade",
      "E": 1706607155231,
      "s": "BTCFDUSD",
      "a": 233101455,
      "p": "43398.87000000",
      "q": "0.00285000",
      "f": 276315840,
      "l": 276315840,
      "T": 1706607155230,
      "m": true,
      "M": true
    }
  },
  {
    "exchange": "binance",
    "instrument": "btcfdusd",
    "insType": "spot",
    "obj": "trades",
    "btc_price": 43393.33,
    "timestamp": 1706607155.7671804,
    "data": {
      "e": "aggTrade",
      "E": 1706607155640,
      "s": "BTCFDUSD",
      "a": 233101457,
      "p": "43399.56000000",
      "q": "0.00242000",
      "f": 276315842,
      "l": 276315842,
      "T": 1706607155640,
      "m": false,
      "M": true
    }
  },
  {
    "exchange": "binance",
    "instrument": "btcfdusd",
    "insType": "spot",
    "obj": "trades",
    "btc_price": 43393.32,
    "timestamp": 1706607156.3374362,
    "data": {
      "e": "aggTrade",
      "E": 1706607156210,
      "s": "BTCFDUSD",
      "a": 233101459,
      "p": "43398.87000000",
      "q": "0.00386000",
      "f": 276315844,
      "l": 276315844,
      "T": 1706607156209,
      "m": true,
      "M": true
    }
  },
  {
    "exchange": "binance",
    "instrument": "btcfdusd",
    "insType": "spot",
    "obj": "trades",
    "btc_price": 43393.32,
    "timestamp": 1706607156.339522,
    "data": {
      "e": "aggTrade",
      "E": 1706607156213,
      "s": "BTCFDUSD",
      "a": 233101461,
      "p": "43398.11000000",
      "q": "0.00095000",
      "f": 276315846,
      "l": 276315846,
      "T": 1706607156213,
      "m": true,
      "M": true
    }
  },
  {
    "exchange": "binance",
    "instrument": "btcfdusd",
    "insType": "spot",
    "obj": "trades",
    "btc_price": 43393.32,
    "timestamp": 1706607156.3415434,
    "data": {
      "e": "aggTrade",
      "E": 1706607156216,
      "s": "BTCFDUSD",
      "a": 233101463,
      "p": "43397.87000000",
      "q": "0.06000000",
      "f": 276315848,
      "l": 276315848,
      "T": 1706607156216,
      "m": false,
      "M": true
    }
  },
  {
    "exchange": "binance",
    "instrument": "btcfdusd",
    "insType": "spot",
    "obj": "trades",
    "btc_price": 43393.32,
    "timestamp": 1706607156.8575861,
    "data": {
      "e": "aggTrade",
      "E": 1706607156716,
      "s": "BTCFDUSD",
      "a": 233101465,
      "p": "43397.57000000",
      "q": "0.00088000",
      "f": 276315850,
      "l": 276315850,
      "T": 1706607156715,
      "m": true,
      "M": true
    }
  },
  {
    "exchange": "binance",
    "instrument": "btcfdusd",
    "insType": "spot",
    "obj": "trades",
    "btc_price": 43393.32,
    "timestamp": 1706607156.8593593,
    "data": {
      "e": "aggTrade",
      "E": 1706607156716,
      "s": "BTCFDUSD",
      "a": 233101467,
      "p": "43396.37000000",
      "q": "0.00080000",
      "f": 276315852,
      "l": 276315852,
      "T": 1706607156715,
      "m": true,
      "M": true
    }
  },
  {
    "exchange": "binance",
    "instrument": "btcfdusd",
    "insType": "spot",
    "obj": "trades",
    "btc_price": 43393.32,
    "timestamp": 1706607156.8612323,
    "data": {
      "e": "aggTrade",
      "E": 1706607156716,
      "s": "BTCFDUSD",
      "a": 233101469,
      "p": "43396.06000000",
      "q": "0.00114000",
      "f": 276315854,
      "l": 276315854,
      "T": 1706607156715,
      "m": true,
      "M": true
    }
  },
  {
    "exchange": "binance",
    "instrument": "btcfdusd",
    "insType": "spot",
    "obj": "trades",
    "btc_price": 43393.32,
    "timestamp": 1706607156.862999,
    "data": {
      "e": "aggTrade",
      "E": 1706607156716,
      "s": "BTCFDUSD",
      "a": 233101471,
      "p": "43395.29000000",
      "q": "0.00066000",
      "f": 276315856,
      "l": 276315856,
      "T": 1706607156715,
      "m": true,
      "M": true
    }
  },
  {
    "exchange": "binance",
    "instrument": "btcfdusd",
    "insType": "spot",
    "obj": "trades",
    "btc_price": 43393.32,
    "timestamp": 1706607156.865007,
    "data": {
      "e": "aggTrade",
      "E": 1706607156717,
      "s": "BTCFDUSD",
      "a": 233101473,
      "p": "43395.10000000",
      "q": "0.06910000",
      "f": 276315859,
      "l": 276315859,
      "T": 1706607156716,
      "m": true,
      "M": true
    }
  },
  {
    "exchange": "binance",
    "instrument": "btcfdusd",
    "insType": "spot",
    "obj": "trades",
    "btc_price": 43393.32,
    "timestamp": 1706607156.8668027,
    "data": {
      "e": "aggTrade",
      "E": 1706607156717,
      "s": "BTCFDUSD",
      "a": 233101475,
      "p": "43394.30000000",
      "q": "0.00802000",
      "f": 276315861,
      "l": 276315861,
      "T": 1706607156716,
      "m": true,
      "M": true
    }
  },
  {
    "exchange": "binance",
    "instrument": "btcfdusd",
    "insType": "spot",
    "obj": "trades",
    "btc_price": 43393.32,
    "timestamp": 1706607156.8685608,
    "data": {
      "e": "aggTrade",
      "E": 1706607156717,
      "s": "BTCFDUSD",
      "a": 233101477,
      "p": "43394.25000000",
      "q": "0.19679000",
      "f": 276315863,
      "l": 276315863,
      "T": 1706607156716,
      "m": true,
      "M": true
    }
  },
  {
    "exchange": "binance",
    "instrument": "btcfdusd",
    "insType": "spot",
    "obj": "trades",
    "btc_price": 43393.32,
    "timestamp": 1706607156.8755672,
    "data": {
      "e": "aggTrade",
      "E": 1706607156729,
      "s": "BTCFDUSD",
      "a": 233101479,
      "p": "43394.52000000",
      "q": "0.00269000",
      "f": 276315865,
      "l": 276315865,
      "T": 1706607156725,
      "m": false,
      "M": true
    }
  },
  {
    "exchange": "binance",
    "instrument": "btcfdusd",
    "insType": "spot",
    "obj": "trades",
    "btc_price": 43393.32,
    "timestamp": 1706607156.8777685,
    "data": {
      "e": "aggTrade",
      "E": 1706607156730,
      "s": "BTCFDUSD",
      "a": 233101481,
      "p": "43394.51000000",
      "q": "0.06000000",
      "f": 276315867,
      "l": 276315867,
      "T": 1706607156729,
      "m": false,
      "M": true
    }
  },
  {
    "exchange": "binance",
    "instrument": "btcfdusd",
    "insType": "spot",
    "obj": "trades",
    "btc_price": 43393.32,
    "timestamp": 1706607156.8797581,
    "data": {
      "e": "aggTrade",
      "E": 1706607156734,
      "s": "BTCFDUSD",
      "a": 233101483,
      "p": "43394.12000000",
      "q": "0.03300000",
      "f": 276315869,
      "l": 276315869,
      "T": 1706607156731,
      "m": true,
      "M": true
    }
  },
  {
    "exchange": "binance",
    "instrument": "btcfdusd",
    "insType": "spot",
    "obj": "trades",
    "btc_price": 43393.32,
    "timestamp": 1706607156.8817756,
    "data": {
      "e": "aggTrade",
      "E": 1706607156755,
      "s": "BTCFDUSD",
      "a": 233101485,
      "p": "43396.03000000",
      "q": "0.03349000",
      "f": 276315871,
      "l": 276315872,
      "T": 1706607156755,
      "m": false,
      "M": true
    }
  },
  {
    "exchange": "binance",
    "instrument": "btcfdusd",
    "insType": "spot",
    "obj": "trades",
    "btc_price": 43393.32,
    "timestamp": 1706607156.8838058,
    "data": {
      "e": "aggTrade",
      "E": 1706607156755,
      "s": "BTCFDUSD",
      "a": 233101487,
      "p": "43396.27000000",
      "q": "0.04981000",
      "f": 276315874,
      "l": 276315874,
      "T": 1706607156755,
      "m": false,
      "M": true
    }
  },
  {
    "exchange": "binance",
    "instrument": "btcfdusd",
    "insType": "spot",
    "obj": "trades",
    "btc_price": 43393.32,
    "timestamp": 1706607156.8863966,
    "data": {
      "e": "aggTrade",
      "E": 1706607156760,
      "s": "BTCFDUSD",
      "a": 233101489,
      "p": "43396.25000000",
      "q": "0.10240000",
      "f": 276315876,
      "l": 276315876,
      "T": 1706607156760,
      "m": false,
      "M": true
    }
  },
  {
    "exchange": "binance",
    "instrument": "btcfdusd",
    "insType": "spot",
    "obj": "trades",
    "btc_price": 43393.32,
    "timestamp": 1706607156.909245,
    "data": {
      "e": "aggTrade",
      "E": 1706607156779,
      "s": "BTCFDUSD",
      "a": 233101491,
      "p": "43396.18000000",
      "q": "0.00629000",
      "f": 276315878,
      "l": 276315878,
      "T": 1706607156778,
      "m": false,
      "M": true
    }
  },
  {
    "exchange": "binance",
    "instrument": "btcfdusd",
    "insType": "spot",
    "obj": "trades",
    "btc_price": 43393.32,
    "timestamp": 1706607156.9114516,
    "data": {
      "e": "aggTrade",
      "E": 1706607156779,
      "s": "BTCFDUSD",
      "a": 233101493,
      "p": "43396.20000000",
      "q": "0.00629000",
      "f": 276315880,
      "l": 276315880,
      "T": 1706607156778,
      "m": false,
      "M": true
    }
  },
  {
    "exchange": "binance",
    "instrument": "btcfdusd",
    "insType": "spot",
    "obj": "trades",
    "btc_price": 43393.32,
    "timestamp": 1706607156.913667,
    "data": {
      "e": "aggTrade",
      "E": 1706607156779,
      "s": "BTCFDUSD",
      "a": 233101495,
      "p": "43396.22000000",
      "q": "0.00629000",
      "f": 276315882,
      "l": 276315882,
      "T": 1706607156778,
      "m": false,
      "M": true
    }
  },
  {
    "exchange": "binance",
    "instrument": "btcfdusd",
    "insType": "spot",
    "obj": "trades",
    "btc_price": 43393.32,
    "timestamp": 1706607156.9173837,
    "data": {
      "e": "aggTrade",
      "E": 1706607156779,
      "s": "BTCFDUSD",
      "a": 233101497,
      "p": "43396.24000000",
      "q": "0.00629000",
      "f": 276315884,
      "l": 276315884,
      "T": 1706607156778,
      "m": false,
      "M": true
    }
  },
  {
    "exchange": "binance",
    "instrument": "btcfdusd",
    "insType": "spot",
    "obj": "trades",
    "btc_price": 43393.32,
    "timestamp": 1706607156.9195895,
    "data": {
      "e": "aggTrade",
      "E": 1706607156779,
      "s": "BTCFDUSD",
      "a": 233101499,
      "p": "43396.27000000",
      "q": "0.00269000",
      "f": 276315886,
      "l": 276315886,
      "T": 1706607156778,
      "m": false,
      "M": true
    }
  },
  {
    "exchange": "binance",
    "instrument": "btcfdusd",
    "insType": "spot",
    "obj": "trades",
    "btc_price": 43393.32,
    "timestamp": 1706607156.961435,
    "data": {
      "e": "aggTrade",
      "E": 1706607156847,
      "s": "BTCFDUSD",
      "a": 233101501,
      "p": "43394.26000000",
      "q": "0.03000000",
      "f": 276315889,
      "l": 276315889,
      "T": 1706607156847,
      "m": true,
      "M": true
    }
  },
  {
    "exchange": "binance",
    "instrument": "btcfdusd",
    "insType": "spot",
    "obj": "trades",
    "btc_price": 43393.32,
    "timestamp": 1706607157.5076191,
    "data": {
      "e": "aggTrade",
      "E": 1706607157376,
      "s": "BTCFDUSD",
      "a": 233101503,
      "p": "43396.57000000",
      "q": "0.00090000",
      "f": 276315891,
      "l": 276315891,
      "T": 1706607157375,
      "m": false,
      "M": true
    }
  },
  {
    "exchange": "binance",
    "instrument": "btcfdusd",
    "insType": "spot",
    "obj": "trades",
    "btc_price": 43393.33,
    "timestamp": 1706607157.758628,
    "data": {
      "e": "aggTrade",
      "E": 1706607157643,
      "s": "BTCFDUSD",
      "a": 233101505,
      "p": "43395.57000000",
      "q": "0.00461000",
      "f": 276315893,
      "l": 276315893,
      "T": 1706607157642,
      "m": true,
      "M": true
    }
  },
  {
    "exchange": "binance",
    "instrument": "btcfdusd",
    "insType": "spot",
    "obj": "trades",
    "btc_price": 43393.33,
    "timestamp": 1706607157.8813412,
    "data": {
      "e": "aggTrade",
      "E": 1706607157766,
      "s": "BTCFDUSD",
      "a": 233101507,
      "p": "43395.42000000",
      "q": "0.00026000",
      "f": 276315895,
      "l": 276315895,
      "T": 1706607157765,
      "m": false,
      "M": true
    }
  },
  {
    "exchange": "binance",
    "instrument": "btcfdusd",
    "insType": "spot",
    "obj": "trades",
    "btc_price": 43393.33,
    "timestamp": 1706607160.370229,
    "data": {
      "e": "aggTrade",
      "E": 1706607160255,
      "s": "BTCFDUSD",
      "a": 233101509,
      "p": "43394.30000000",
      "q": "0.00461000",
      "f": 276315897,
      "l": 276315897,
      "T": 1706607160255,
      "m": true,
      "M": true
    }
  },
  {
    "exchange": "binance",
    "instrument": "btcfdusd",
    "insType": "spot",
    "obj": "trades",
    "btc_price": 43393.33,
    "timestamp": 1706607160.3733778,
    "data": {
      "e": "aggTrade",
      "E": 1706607160258,
      "s": "BTCFDUSD",
      "a": 233101511,
      "p": "43392.90000000",
      "q": "0.00287000",
      "f": 276315900,
      "l": 276315900,
      "T": 1706607160258,
      "m": true,
      "M": true
    }
  },
  {
    "exchange": "binance",
    "instrument": "btcfdusd",
    "insType": "spot",
    "obj": "trades",
    "btc_price": 43393.33,
    "timestamp": 1706607161.9526608,
    "data": {
      "e": "aggTrade",
      "E": 1706607161835,
      "s": "BTCFDUSD",
      "a": 233101513,
      "p": "43393.28000000",
      "q": "0.00461000",
      "f": 276315902,
      "l": 276315902,
      "T": 1706607161835,
      "m": true,
      "M": true
    }
  },
  {
    "exchange": "binance",
    "instrument": "btcfdusd",
    "insType": "spot",
    "obj": "trades",
    "btc_price": 43393.33,
    "timestamp": 1706607162.049248,
    "data": {
      "e": "aggTrade",
      "E": 1706607161903,
      "s": "BTCFDUSD",
      "a": 233101515,
      "p": "43392.51000000",
      "q": "0.02000000",
      "f": 276315904,
      "l": 276315904,
      "T": 1706607161903,
      "m": true,
      "M": true
    }
  },
  {
    "exchange": "binance",
    "instrument": "btcfdusd",
    "insType": "spot",
    "obj": "trades",
    "btc_price": 43393.33,
    "timestamp": 1706607162.05216,
    "data": {
      "e": "aggTrade",
      "E": 1706607161937,
      "s": "BTCFDUSD",
      "a": 233101517,
      "p": "43392.01000000",
      "q": "0.00600000",
      "f": 276315906,
      "l": 276315906,
      "T": 1706607161937,
      "m": true,
      "M": true
    }
  },
  {
    "exchange": "binance",
    "instrument": "btcfdusd",
    "insType": "spot",
    "obj": "trades",
    "btc_price": 43393.33,
    "timestamp": 1706607162.5593247,
    "data": {
      "e": "aggTrade",
      "E": 1706607162435,
      "s": "BTCFDUSD",
      "a": 233101519,
      "p": "43392.04000000",
      "q": "0.06000000",
      "f": 276315908,
      "l": 276315908,
      "T": 1706607162434,
      "m": true,
      "M": true
    }
  },
  {
    "exchange": "binance",
    "instrument": "btcfdusd",
    "insType": "spot",
    "obj": "trades",
    "btc_price": 43393.33,
    "timestamp": 1706607162.5635445,
    "data": {
      "e": "aggTrade",
      "E": 1706607162435,
      "s": "BTCFDUSD",
      "a": 233101521,
      "p": "43392.02000000",
      "q": "0.11527000",
      "f": 276315910,
      "l": 276315910,
      "T": 1706607162434,
      "m": true,
      "M": true
    }
  },
  {
    "exchange": "binance",
    "instrument": "btcfdusd",
    "insType": "spot",
    "obj": "trades",
    "btc_price": 43393.33,
    "timestamp": 1706607162.8875172,
    "data": {
      "e": "aggTrade",
      "E": 1706607162773,
      "s": "BTCFDUSD",
      "a": 233101523,
      "p": "43393.24000000",
      "q": "0.06000000",
      "f": 276315912,
      "l": 276315912,
      "T": 1706607162773,
      "m": false,
      "M": true
    }
  },
  {
    "exchange": "binance",
    "instrument": "btcfdusd",
    "insType": "spot",
    "obj": "trades",
    "btc_price": 43393.33,
    "timestamp": 1706607162.8917391,
    "data": {
      "e": "aggTrade",
      "E": 1706607162775,
      "s": "BTCFDUSD",
      "a": 233101525,
      "p": "43393.25000000",
      "q": "0.06875000",
      "f": 276315914,
      "l": 276315914,
      "T": 1706607162774,
      "m": false,
      "M": true
    }
  },
  {
    "exchange": "binance",
    "instrument": "btcfdusd",
    "insType": "spot",
    "obj": "trades",
    "btc_price": 43393.33,
    "timestamp": 1706607165.4522488,
    "data": {
      "e": "aggTrade",
      "E": 1706607165317,
      "s": "BTCFDUSD",
      "a": 233101527,
      "p": "43392.27000000",
      "q": "0.08972000",
      "f": 276315916,
      "l": 276315916,
      "T": 1706607165316,
      "m": true,
      "M": true
    }
  },
  {
    "exchange": "binance",
    "instrument": "btcfdusd",
    "insType": "spot",
    "obj": "trades",
    "btc_price": 43393.33,
    "timestamp": 1706607165.4558873,
    "data": {
      "e": "aggTrade",
      "E": 1706607165317,
      "s": "BTCFDUSD",
      "a": 233101529,
      "p": "43392.15000000",
      "q": "0.11527000",
      "f": 276315918,
      "l": 276315918,
      "T": 1706607165316,
      "m": true,
      "M": true
    }
  },
  {
    "exchange": "binance",
    "instrument": "btcfdusd",
    "insType": "spot",
    "obj": "trades",
    "btc_price": 43393.33,
    "timestamp": 1706607165.5538588,
    "data": {
      "e": "aggTrade",
      "E": 1706607165401,
      "s": "BTCFDUSD",
      "a": 233101531,
      "p": "43394.12000000",
      "q": "0.00641000",
      "f": 276315921,
      "l": 276315921,
      "T": 1706607165401,
      "m": false,
      "M": true
    }
  },
  {
    "exchange": "binance",
    "instrument": "btcfdusd",
    "insType": "spot",
    "obj": "trades",
    "btc_price": 43393.33,
    "timestamp": 1706607166.216234,
    "data": {
      "e": "aggTrade",
      "E": 1706607166026,
      "s": "BTCFDUSD",
      "a": 233101533,
      "p": "43392.87000000",
      "q": "0.06000000",
      "f": 276315923,
      "l": 276315923,
      "T": 1706607166025,
      "m": true,
      "M": true
    }
  },
  {
    "exchange": "binance",
    "instrument": "btcfdusd",
    "insType": "spot",
    "obj": "trades",
    "btc_price": 43393.33,
    "timestamp": 1706607166.9414892,
    "data": {
      "e": "aggTrade",
      "E": 1706607166724,
      "s": "BTCFDUSD",
      "a": 233101535,
      "p": "43393.92000000",
      "q": "0.00019000",
      "f": 276315925,
      "l": 276315925,
      "T": 1706607166724,
      "m": false,
      "M": true
    }
  },
  {
    "exchange": "binance",
    "instrument": "btcfdusd",
    "insType": "spot",
    "obj": "trades",
    "btc_price": 43393.33,
    "timestamp": 1706607166.946264,
    "data": {
      "e": "aggTrade",
      "E": 1706607166724,
      "s": "BTCFDUSD",
      "a": 233101537,
      "p": "43394.26000000",
      "q": "0.00287000",
      "f": 276315927,
      "l": 276315927,
      "T": 1706607166724,
      "m": false,
      "M": true
    }
  },
  {
    "exchange": "binance",
    "instrument": "btcfdusd",
    "insType": "spot",
    "obj": "trades",
    "btc_price": 43393.33,
    "timestamp": 1706607168.9169612,
    "data": {
      "e": "aggTrade",
      "E": 1706607167096,
      "s": "BTCFDUSD",
      "a": 233101539,
      "p": "43392.46000000",
      "q": "0.04000000",
      "f": 276315929,
      "l": 276315929,
      "T": 1706607167095,
      "m": true,
      "M": true
    }
  },
  {
    "exchange": "binance",
    "instrument": "btcfdusd",
    "insType": "spot",
    "obj": "trades",
    "btc_price": 43393.33,
    "timestamp": 1706607168.9213343,
    "data": {
      "e": "aggTrade",
      "E": 1706607167096,
      "s": "BTCFDUSD",
      "a": 233101541,
      "p": "43392.34000000",
      "q": "0.06229000",
      "f": 276315931,
      "l": 276315931,
      "T": 1706607167095,
      "m": true,
      "M": true
    }
  },
  {
    "exchange": "binance",
    "instrument": "btcfdusd",
    "insType": "spot",
    "obj": "trades",
    "btc_price": 43393.33,
    "timestamp": 1706607168.9260657,
    "data": {
      "e": "aggTrade",
      "E": 1706607167097,
      "s": "BTCFDUSD",
      "a": 233101543,
      "p": "43392.27000000",
      "q": "0.00287000",
      "f": 276315933,
      "l": 276315933,
      "T": 1706607167095,
      "m": true,
      "M": true
    }
  },
  {
    "exchange": "binance",
    "instrument": "btcfdusd",
    "insType": "spot",
    "obj": "trades",
    "btc_price": 43393.33,
    "timestamp": 1706607168.9310086,
    "data": {
      "e": "aggTrade",
      "E": 1706607167097,
      "s": "BTCFDUSD",
      "a": 233101545,
      "p": "43392.10000000",
      "q": "0.00083000",
      "f": 276315935,
      "l": 276315935,
      "T": 1706607167095,
      "m": true,
      "M": true
    }
  },
  {
    "exchange": "binance",
    "instrument": "btcfdusd",
    "insType": "spot",
    "obj": "trades",
    "btc_price": 43393.33,
    "timestamp": 1706607168.9356475,
    "data": {
      "e": "aggTrade",
      "E": 1706607167097,
      "s": "BTCFDUSD",
      "a": 233101547,
      "p": "43391.08000000",
      "q": "0.00100000",
      "f": 276315937,
      "l": 276315937,
      "T": 1706607167095,
      "m": true,
      "M": true
    }
  },
  {
    "exchange": "binance",
    "instrument": "btcfdusd",
    "insType": "spot",
    "obj": "trades",
    "btc_price": 43393.33,
    "timestamp": 1706607168.9408202,
    "data": {
      "e": "aggTrade",
      "E": 1706607167097,
      "s": "BTCFDUSD",
      "a": 233101549,
      "p": "43390.64000000",
      "q": "0.02731000",
      "f": 276315939,
      "l": 276315939,
      "T": 1706607167095,
      "m": true,
      "M": true
    }
  },
  {
    "exchange": "binance",
    "instrument": "btcfdusd",
    "insType": "spot",
    "obj": "trades",
    "btc_price": 43393.33,
    "timestamp": 1706607168.945415,
    "data": {
      "e": "aggTrade",
      "E": 1706607167097,
      "s": "BTCFDUSD",
      "a": 233101551,
      "p": "43390.56000000",
      "q": "0.02000000",
      "f": 276315941,
      "l": 276315941,
      "T": 1706607167095,
      "m": true,
      "M": true
    }
  },
  {
    "exchange": "binance",
    "instrument": "btcfdusd",
    "insType": "spot",
    "obj": "trades",
    "btc_price": 43393.33,
    "timestamp": 1706607168.9506452,
    "data": {
      "e": "aggTrade",
      "E": 1706607167097,
      "s": "BTCFDUSD",
      "a": 233101553,
      "p": "43390.02000000",
      "q": "0.01018000",
      "f": 276315943,
      "l": 276315943,
      "T": 1706607167096,
      "m": true,
      "M": true
    }
  },
  {
    "exchange": "binance",
    "instrument": "btcfdusd",
    "insType": "spot",
    "obj": "trades",
    "btc_price": 43393.33,
    "timestamp": 1706607168.9552789,
    "data": {
      "e": "aggTrade",
      "E": 1706607167098,
      "s": "BTCFDUSD",
      "a": 233101555,
      "p": "43389.63000000",
      "q": "0.01250000",
      "f": 276315945,
      "l": 276315946,
      "T": 1706607167096,
      "m": true,
      "M": true
    }
  },
  {
    "exchange": "binance",
    "instrument": "btcfdusd",
    "insType": "spot",
    "obj": "trades",
    "btc_price": 43393.33,
    "timestamp": 1706607168.9605167,
    "data": {
      "e": "aggTrade",
      "E": 1706607167098,
      "s": "BTCFDUSD",
      "a": 233101557,
      "p": "43389.05000000",
      "q": "0.04615000",
      "f": 276315948,
      "l": 276315948,
      "T": 1706607167096,
      "m": true,
      "M": true
    }
  },
  {
    "exchange": "binance",
    "instrument": "btcfdusd",
    "insType": "spot",
    "obj": "trades",
    "btc_price": 43393.33,
    "timestamp": 1706607168.9644828,
    "data": {
      "e": "aggTrade",
      "E": 1706607167098,
      "s": "BTCFDUSD",
      "a": 233101559,
      "p": "43388.88000000",
      "q": "0.00115000",
      "f": 276315950,
      "l": 276315950,
      "T": 1706607167096,
      "m": true,
      "M": true
    }
  },
  {
    "exchange": "binance",
    "instrument": "btcfdusd",
    "insType": "spot",
    "obj": "trades",
    "btc_price": 43393.33,
    "timestamp": 1706607168.9689295,
    "data": {
      "e": "aggTrade",
      "E": 1706607167106,
      "s": "BTCFDUSD",
      "a": 233101561,
      "p": "43390.41000000",
      "q": "0.13716000",
      "f": 276315952,
      "l": 276315952,
      "T": 1706607167105,
      "m": true,
      "M": true
    }
  },
  {
    "exchange": "binance",
    "instrument": "btcfdusd",
    "insType": "spot",
    "obj": "trades",
    "btc_price": 43393.33,
    "timestamp": 1706607168.973822,
    "data": {
      "e": "aggTrade",
      "E": 1706607167108,
      "s": "BTCFDUSD",
      "a": 233101563,
      "p": "43390.72000000",
      "q": "0.00785000",
      "f": 276315954,
      "l": 276315954,
      "T": 1706607167106,
      "m": false,
      "M": true
    }
  },
  {
    "exchange": "binance",
    "instrument": "btcfdusd",
    "insType": "spot",
    "obj": "trades",
    "btc_price": 43393.33,
    "timestamp": 1706607168.9830554,
    "data": {
      "e": "aggTrade",
      "E": 1706607167108,
      "s": "BTCFDUSD",
      "a": 233101565,
      "p": "43391.03000000",
      "q": "0.01900000",
      "f": 276315957,
      "l": 276315957,
      "T": 1706607167106,
      "m": false,
      "M": true
    }
  },
  {
    "exchange": "binance",
    "instrument": "btcfdusd",
    "insType": "spot",
    "obj": "trades",
    "btc_price": 43393.33,
    "timestamp": 1706607168.988216,
    "data": {
      "e": "aggTrade",
      "E": 1706607167108,
      "s": "BTCFDUSD",
      "a": 233101567,
      "p": "43391.26000000",
      "q": "0.01537000",
      "f": 276315960,
      "l": 276315960,
      "T": 1706607167106,
      "m": false,
      "M": true
    }
  },
  {
    "exchange": "binance",
    "instrument": "btcfdusd",
    "insType": "spot",
    "obj": "trades",
    "btc_price": 43393.33,
    "timestamp": 1706607168.9944017,
    "data": {
      "e": "aggTrade",
      "E": 1706607167109,
      "s": "BTCFDUSD",
      "a": 233101569,
      "p": "43390.15000000",
      "q": "0.06000000",
      "f": 276315962,
      "l": 276315962,
      "T": 1706607167108,
      "m": false,
      "M": true
    }
  },
  {
    "exchange": "binance",
    "instrument": "btcfdusd",
    "insType": "spot",
    "obj": "trades",
    "btc_price": 43393.33,
    "timestamp": 1706607169.0158088,
    "data": {
      "e": "aggTrade",
      "E": 1706607167113,
      "s": "BTCFDUSD",
      "a": 233101571,
      "p": "43391.33000000",
      "q": "0.04791000",
      "f": 276315965,
      "l": 276315965,
      "T": 1706607167112,
      "m": false,
      "M": true
    }
  },
  {
    "exchange": "binance",
    "instrument": "btcfdusd",
    "insType": "spot",
    "obj": "trades",
    "btc_price": 43393.33,
    "timestamp": 1706607169.0212252,
    "data": {
      "e": "aggTrade",
      "E": 1706607167162,
      "s": "BTCFDUSD",
      "a": 233101573,
      "p": "43390.80000000",
      "q": "0.05409000",
      "f": 276315968,
      "l": 276315969,
      "T": 1706607167161,
      "m": false,
      "M": true
    }
  },
  {
    "exchange": "binance",
    "instrument": "btcfdusd",
    "insType": "spot",
    "obj": "trades",
    "btc_price": 43393.33,
    "timestamp": 1706607169.025449,
    "data": {
      "e": "aggTrade",
      "E": 1706607167203,
      "s": "BTCFDUSD",
      "a": 233101575,
      "p": "43390.92000000",
      "q": "0.05526000",
      "f": 276315971,
      "l": 276315971,
      "T": 1706607167203,
      "m": false,
      "M": true
    }
  },
  {
    "exchange": "binance",
    "instrument": "btcfdusd",
    "insType": "spot",
    "obj": "trades",
    "btc_price": 43393.33,
    "timestamp": 1706607169.0311394,
    "data": {
      "e": "aggTrade",
      "E": 1706607167208,
      "s": "BTCFDUSD",
      "a": 233101577,
      "p": "43391.24000000",
      "q": "0.04186000",
      "f": 276315973,
      "l": 276315973,
      "T": 1706607167207,
      "m": false,
      "M": true
    }
  },
  {
    "exchange": "binance",
    "instrument": "btcfdusd",
    "insType": "spot",
    "obj": "trades",
    "btc_price": 43393.33,
    "timestamp": 1706607169.03692,
    "data": {
      "e": "aggTrade",
      "E": 1706607167212,
      "s": "BTCFDUSD",
      "a": 233101579,
      "p": "43391.93000000",
      "q": "0.00019000",
      "f": 276315975,
      "l": 276315975,
      "T": 1706607167211,
      "m": false,
      "M": true
    }
  },
  {
    "exchange": "binance",
    "instrument": "btcfdusd",
    "insType": "spot",
    "obj": "trades",
    "btc_price": 43393.33,
    "timestamp": 1706607169.0418432,
    "data": {
      "e": "aggTrade",
      "E": 1706607167212,
      "s": "BTCFDUSD",
      "a": 233101581,
      "p": "43392.16000000",
      "q": "0.01059000",
      "f": 276315977,
      "l": 276315977,
      "T": 1706607167212,
      "m": false,
      "M": true
    }
  },
  {
    "exchange": "binance",
    "instrument": "btcfdusd",
    "insType": "spot",
    "obj": "trades",
    "btc_price": 43393.33,
    "timestamp": 1706607169.048204,
    "data": {
      "e": "aggTrade",
      "E": 1706607167737,
      "s": "BTCFDUSD",
      "a": 233101583,
      "p": "43392.52000000",
      "q": "0.00005000",
      "f": 276315979,
      "l": 276315979,
      "T": 1706607167736,
      "m": false,
      "M": true
    }
  },
  {
    "exchange": "binance",
    "instrument": "btcfdusd",
    "insType": "spot",
    "obj": "trades",
    "btc_price": 43393.33,
    "timestamp": 1706607169.0549538,
    "data": {
      "e": "aggTrade",
      "E": 1706607167737,
      "s": "BTCFDUSD",
      "a": 233101585,
      "p": "43393.07000000",
      "q": "0.00027000",
      "f": 276315981,
      "l": 276315981,
      "T": 1706607167736,
      "m": false,
      "M": true
    }
  },
  {
    "exchange": "binance",
    "instrument": "btcfdusd",
    "insType": "spot",
    "obj": "trades",
    "btc_price": 43393.32,
    "timestamp": 1706607173.3420975,
    "data": {
      "e": "aggTrade",
      "E": 1706607170496,
      "s": "BTCFDUSD",
      "a": 233101587,
      "p": "43393.02000000",
      "q": "0.01152000",
      "f": 276315983,
      "l": 276315983,
      "T": 1706607170495,
      "m": true,
      "M": true
    }
  },
  {
    "exchange": "binance",
    "instrument": "btcfdusd",
    "insType": "spot",
    "obj": "trades",
    "btc_price": 43393.32,
    "timestamp": 1706607173.3480692,
    "data": {
      "e": "aggTrade",
      "E": 1706607170668,
      "s": "BTCFDUSD",
      "a": 233101589,
      "p": "43392.90000000",
      "q": "0.00460000",
      "f": 276315985,
      "l": 276315985,
      "T": 1706607170668,
      "m": true,
      "M": true
    }
  },
  {
    "exchange": "binance",
    "instrument": "btcfdusd",
    "insType": "spot",
    "obj": "trades",
    "btc_price": 43393.32,
    "timestamp": 1706607173.3545346,
    "data": {
      "e": "aggTrade",
      "E": 1706607171507,
      "s": "BTCFDUSD",
      "a": 233101591,
      "p": "43392.12000000",
      "q": "0.11527000",
      "f": 276315987,
      "l": 276315987,
      "T": 1706607171507,
      "m": true,
      "M": true
    }
  },
  {
    "exchange": "binance",
    "instrument": "btcfdusd",
    "insType": "spot",
    "obj": "trades",
    "btc_price": 43393.32,
    "timestamp": 1706607173.3602905,
    "data": {
      "e": "aggTrade",
      "E": 1706607171591,
      "s": "BTCFDUSD",
      "a": 233101593,
      "p": "43392.04000000",
      "q": "0.00691000",
      "f": 276315989,
      "l": 276315989,
      "T": 1706607171590,
      "m": true,
      "M": true
    }
  },
  {
    "exchange": "binance",
    "instrument": "btcfdusd",
    "insType": "spot",
    "obj": "trades",
    "btc_price": 43393.32,
    "timestamp": 1706607173.3661225,
    "data": {
      "e": "aggTrade",
      "E": 1706607171641,
      "s": "BTCFDUSD",
      "a": 233101595,
      "p": "43391.82000000",
      "q": "0.05712000",
      "f": 276315991,
      "l": 276315991,
      "T": 1706607171640,
      "m": false,
      "M": true
    }
  },
  {
    "exchange": "binance",
    "instrument": "btcfdusd",
    "insType": "spot",
    "obj": "trades",
    "btc_price": 43393.32,
    "timestamp": 1706607173.371891,
    "data": {
      "e": "aggTrade",
      "E": 1706607171743,
      "s": "BTCFDUSD",
      "a": 233101597,
      "p": "43392.28000000",
      "q": "0.00003000",
      "f": 276315993,
      "l": 276315993,
      "T": 1706607171742,
      "m": false,
      "M": true
    }
  },
  {
    "exchange": "binance",
    "instrument": "btcfdusd",
    "insType": "spot",
    "obj": "trades",
    "btc_price": 43393.32,
    "timestamp": 1706607173.377843,
    "data": {
      "e": "aggTrade",
      "E": 1706607171842,
      "s": "BTCFDUSD",
      "a": 233101599,
      "p": "43392.89000000",
      "q": "0.00018000",
      "f": 276315995,
      "l": 276315995,
      "T": 1706607171841,
      "m": false,
      "M": true
    }
  },
  {
    "exchange": "binance",
    "instrument": "btcfdusd",
    "insType": "spot",
    "obj": "trades",
    "btc_price": 43393.32,
    "timestamp": 1706607173.3844113,
    "data": {
      "e": "aggTrade",
      "E": 1706607172502,
      "s": "BTCFDUSD",
      "a": 233101601,
      "p": "43394.05000000",
      "q": "0.00019000",
      "f": 276315997,
      "l": 276315997,
      "T": 1706607172501,
      "m": false,
      "M": true
    }
  },
  {
    "exchange": "binance",
    "instrument": "btcfdusd",
    "insType": "spot",
    "obj": "trades",
    "btc_price": 43393.32,
    "timestamp": 1706607175.4948797,
    "data": {
      "e": "aggTrade",
      "E": 1706607172566,
      "s": "BTCFDUSD",
      "a": 233101603,
      "p": "43394.19000000",
      "q": "0.01221000",
      "f": 276315999,
      "l": 276315999,
      "T": 1706607172565,
      "m": true,
      "M": true
    }
  },
  {
    "exchange": "binance",
    "instrument": "btcfdusd",
    "insType": "spot",
    "obj": "trades",
    "btc_price": 43393.32,
    "timestamp": 1706607175.50296,
    "data": {
      "e": "aggTrade",
      "E": 1706607172942,
      "s": "BTCFDUSD",
      "a": 233101605,
      "p": "43395.63000000",
      "q": "0.02000000",
      "f": 276316001,
      "l": 276316001,
      "T": 1706607172941,
      "m": false,
      "M": true
    }
  },
  {
    "exchange": "binance",
    "instrument": "btcfdusd",
    "insType": "spot",
    "obj": "trades",
    "btc_price": 43393.32,
    "timestamp": 1706607175.556845,
    "data": {
      "e": "aggTrade",
      "E": 1706607173079,
      "s": "BTCFDUSD",
      "a": 233101607,
      "p": "43394.90000000",
      "q": "0.00623000",
      "f": 276316003,
      "l": 276316003,
      "T": 1706607173078,
      "m": true,
      "M": true
    }
  },
  {
    "exchange": "binance",
    "instrument": "btcfdusd",
    "insType": "spot",
    "obj": "trades",
    "btc_price": 43393.32,
    "timestamp": 1706607175.5707219,
    "data": {
      "e": "aggTrade",
      "E": 1706607173314,
      "s": "BTCFDUSD",
      "a": 233101609,
      "p": "43395.04000000",
      "q": "0.04767000",
      "f": 276316005,
      "l": 276316005,
      "T": 1706607173313,
      "m": true,
      "M": true
    }
  },
  {
    "exchange": "binance",
    "instrument": "btcfdusd",
    "insType": "spot",
    "obj": "trades",
    "btc_price": 43393.32,
    "timestamp": 1706607175.577509,
    "data": {
      "e": "aggTrade",
      "E": 1706607173317,
      "s": "BTCFDUSD",
      "a": 233101611,
      "p": "43395.03000000",
      "q": "0.04767000",
      "f": 276316007,
      "l": 276316007,
      "T": 1706607173316,
      "m": true,
      "M": true
    }
  },
  {
    "exchange": "binance",
    "instrument": "btcfdusd",
    "insType": "spot",
    "obj": "trades",
    "btc_price": 43393.32,
    "timestamp": 1706607175.5839808,
    "data": {
      "e": "aggTrade",
      "E": 1706607173436,
      "s": "BTCFDUSD",
      "a": 233101613,
      "p": "43394.43000000",
      "q": "0.10510000",
      "f": 276316009,
      "l": 276316009,
      "T": 1706607173435,
      "m": true,
      "M": true
    }
  },
  {
    "exchange": "binance",
    "instrument": "btcfdusd",
    "insType": "spot",
    "obj": "trades",
    "btc_price": 43393.32,
    "timestamp": 1706607175.5910826,
    "data": {
      "e": "aggTrade",
      "E": 1706607175156,
      "s": "BTCFDUSD",
      "a": 233101615,
      "p": "43395.75000000",
      "q": "0.00030000",
      "f": 276316011,
      "l": 276316011,
      "T": 1706607175156,
      "m": false,
      "M": true
    }
  },
  {
    "exchange": "binance",
    "instrument": "btcfdusd",
    "insType": "spot",
    "obj": "trades",
    "btc_price": 43393.32,
    "timestamp": 1706607175.5978324,
    "data": {
      "e": "aggTrade",
      "E": 1706607175156,
      "s": "BTCFDUSD",
      "a": 233101617,
      "p": "43395.94000000",
      "q": "0.10510000",
      "f": 276316013,
      "l": 276316013,
      "T": 1706607175156,
      "m": false,
      "M": true
    }
  },
  {
    "exchange": "binance",
    "instrument": "btcfdusd",
    "insType": "spot",
    "obj": "trades",
    "btc_price": 43393.32,
    "timestamp": 1706607175.6528945,
    "data": {
      "e": "aggTrade",
      "E": 1706607175157,
      "s": "BTCFDUSD",
      "a": 233101619,
      "p": "43395.27000000",
      "q": "0.02132000",
      "f": 276316015,
      "l": 276316015,
      "T": 1706607175156,
      "m": false,
      "M": true
    }
  },
  {
    "exchange": "binance",
    "instrument": "btcfdusd",
    "insType": "spot",
    "obj": "trades",
    "btc_price": 43393.32,
    "timestamp": 1706607175.7243516,
    "data": {
      "e": "aggTrade",
      "E": 1706607175243,
      "s": "BTCFDUSD",
      "a": 233101621,
      "p": "43396.59000000",
      "q": "0.00461000",
      "f": 276316018,
      "l": 276316018,
      "T": 1706607175241,
      "m": false,
      "M": true
    }
  },
  {
    "exchange": "binance",
    "instrument": "btcfdusd",
    "insType": "spot",
    "obj": "trades",
    "btc_price": 43393.32,
    "timestamp": 1706607175.779003,
    "data": {
      "e": "aggTrade",
      "E": 1706607175280,
      "s": "BTCFDUSD",
      "a": 233101623,
      "p": "43396.59000000",
      "q": "0.00018000",
      "f": 276316020,
      "l": 276316020,
      "T": 1706607175279,
      "m": false,
      "M": true
    }
  },
  {
    "exchange": "binance",
    "instrument": "btcfdusd",
    "insType": "spot",
    "obj": "trades",
    "btc_price": 43393.32,
    "timestamp": 1706607185.0488212,
    "data": {
      "e": "aggTrade",
      "E": 1706607176672,
      "s": "BTCFDUSD",
      "a": 233101625,
      "p": "43395.98000000",
      "q": "0.00671000",
      "f": 276316022,
      "l": 276316022,
      "T": 1706607176671,
      "m": true,
      "M": true
    }
  },
  {
    "exchange": "binance",
    "instrument": "btcfdusd",
    "insType": "spot",
    "obj": "trades",
    "btc_price": 43393.32,
    "timestamp": 1706607185.0560043,
    "data": {
      "e": "aggTrade",
      "E": 1706607177710,
      "s": "BTCFDUSD",
      "a": 233101627,
      "p": "43395.72000000",
      "q": "0.00101000",
      "f": 276316024,
      "l": 276316024,
      "T": 1706607177706,
      "m": true,
      "M": true
    }
  },
  {
    "exchange": "binance",
    "instrument": "btcfdusd",
    "insType": "spot",
    "obj": "trades",
    "btc_price": 43393.32,
    "timestamp": 1706607185.0635428,
    "data": {
      "e": "aggTrade",
      "E": 1706607177711,
      "s": "BTCFDUSD",
      "a": 233101629,
      "p": "43396.83000000",
      "q": "0.04000000",
      "f": 276316026,
      "l": 276316026,
      "T": 1706607177706,
      "m": false,
      "M": true
    }
  },
  {
    "exchange": "binance",
    "instrument": "btcfdusd",
    "insType": "spot",
    "obj": "trades",
    "btc_price": 43393.32,
    "timestamp": 1706607185.0720317,
    "data": {
      "e": "aggTrade",
      "E": 1706607177711,
      "s": "BTCFDUSD",
      "a": 233101631,
      "p": "43396.87000000",
      "q": "0.11526000",
      "f": 276316028,
      "l": 276316028,
      "T": 1706607177706,
      "m": false,
      "M": true
    }
  },
  {
    "exchange": "binance",
    "instrument": "btcfdusd",
    "insType": "spot",
    "obj": "trades",
    "btc_price": 43393.32,
    "timestamp": 1706607185.0789886,
    "data": {
      "e": "aggTrade",
      "E": 1706607177718,
      "s": "BTCFDUSD",
      "a": 233101633,
      "p": "43397.23000000",
      "q": "0.00098000",
      "f": 276316030,
      "l": 276316030,
      "T": 1706607177707,
      "m": false,
      "M": true
    }
  },
  {
    "exchange": "binance",
    "instrument": "btcfdusd",
    "insType": "spot",
    "obj": "trades",
    "btc_price": 43393.32,
    "timestamp": 1706607185.0854478,
    "data": {
      "e": "aggTrade",
      "E": 1706607177718,
      "s": "BTCFDUSD",
      "a": 233101635,
      "p": "43397.58000000",
      "q": "0.02000000",
      "f": 276316032,
      "l": 276316032,
      "T": 1706607177707,
      "m": false,
      "M": true
    }
  },
  {
    "exchange": "binance",
    "instrument": "btcfdusd",
    "insType": "spot",
    "obj": "trades",
    "btc_price": 43393.32,
    "timestamp": 1706607185.0922976,
    "data": {
      "e": "aggTrade",
      "E": 1706607177718,
      "s": "BTCFDUSD",
      "a": 233101637,
      "p": "43397.68000000",
      "q": "0.00025000",
      "f": 276316034,
      "l": 276316034,
      "T": 1706607177707,
      "m": false,
      "M": true
    }
  },
  {
    "exchange": "binance",
    "instrument": "btcfdusd",
    "insType": "spot",
    "obj": "trades",
    "btc_price": 43393.32,
    "timestamp": 1706607185.0985177,
    "data": {
      "e": "aggTrade",
      "E": 1706607177742,
      "s": "BTCFDUSD",
      "a": 233101639,
      "p": "43399.01000000",
      "q": "0.00600000",
      "f": 276316036,
      "l": 276316036,
      "T": 1706607177712,
      "m": false,
      "M": true
    }
  },
  {
    "exchange": "binance",
    "instrument": "btcfdusd",
    "insType": "spot",
    "obj": "trades",
    "btc_price": 43393.32,
    "timestamp": 1706607185.1050322,
    "data": {
      "e": "aggTrade",
      "E": 1706607177742,
      "s": "BTCFDUSD",
      "a": 233101641,
      "p": "43399.70000000",
      "q": "0.01675000",
      "f": 276316038,
      "l": 276316038,
      "T": 1706607177712,
      "m": false,
      "M": true
    }
  },
  {
    "exchange": "binance",
    "instrument": "btcfdusd",
    "insType": "spot",
    "obj": "trades",
    "btc_price": 43393.32,
    "timestamp": 1706607185.112316,
    "data": {
      "e": "aggTrade",
      "E": 1706607177742,
      "s": "BTCFDUSD",
      "a": 233101643,
      "p": "43399.72000000",
      "q": "0.01675000",
      "f": 276316040,
      "l": 276316040,
      "T": 1706607177712,
      "m": false,
      "M": true
    }
  },
  {
    "exchange": "binance",
    "instrument": "btcfdusd",
    "insType": "spot",
    "obj": "trades",
    "btc_price": 43393.32,
    "timestamp": 1706607185.119704,
    "data": {
      "e": "aggTrade",
      "E": 1706607177742,
      "s": "BTCFDUSD",
      "a": 233101645,
      "p": "43399.79000000",
      "q": "0.08557000",
      "f": 276316042,
      "l": 276316042,
      "T": 1706607177712,
      "m": false,
      "M": true
    }
  },
  {
    "exchange": "binance",
    "instrument": "btcfdusd",
    "insType": "spot",
    "obj": "trades",
    "btc_price": 43393.32,
    "timestamp": 1706607185.1274652,
    "data": {
      "e": "aggTrade",
      "E": 1706607177783,
      "s": "BTCFDUSD",
      "a": 233101647,
      "p": "43399.79000000",
      "q": "0.04180000",
      "f": 276316044,
      "l": 276316044,
      "T": 1706607177726,
      "m": false,
      "M": true
    }
  },
  {
    "exchange": "binance",
    "instrument": "btcfdusd",
    "insType": "spot",
    "obj": "trades",
    "btc_price": 43393.32,
    "timestamp": 1706607185.1356053,
    "data": {
      "e": "aggTrade",
      "E": 1706607177784,
      "s": "BTCFDUSD",
      "a": 233101649,
      "p": "43399.91000000",
      "q": "0.00461000",
      "f": 276316046,
      "l": 276316046,
      "T": 1706607177727,
      "m": false,
      "M": true
    }
  },
  {
    "exchange": "binance",
    "instrument": "btcfdusd",
    "insType": "spot",
    "obj": "trades",
    "btc_price": 43393.32,
    "timestamp": 1706607185.1436915,
    "data": {
      "e": "aggTrade",
      "E": 1706607177784,
      "s": "BTCFDUSD",
      "a": 233101651,
      "p": "43400.00000000",
      "q": "0.00178000",
      "f": 276316048,
      "l": 276316048,
      "T": 1706607177727,
      "m": false,
      "M": true
    }
  },
  {
    "exchange": "binance",
    "instrument": "btcfdusd",
    "insType": "spot",
    "obj": "trades",
    "btc_price": 43393.32,
    "timestamp": 1706607185.150956,
    "data": {
      "e": "aggTrade",
      "E": 1706607177785,
      "s": "BTCFDUSD",
      "a": 233101653,
      "p": "43400.39000000",
      "q": "0.03660000",
      "f": 276316050,
      "l": 276316050,
      "T": 1706607177727,
      "m": false,
      "M": true
    }
  },
  {
    "exchange": "binance",
    "instrument": "btcfdusd",
    "insType": "spot",
    "obj": "trades",
    "btc_price": 43393.32,
    "timestamp": 1706607185.1588178,
    "data": {
      "e": "aggTrade",
      "E": 1706607177868,
      "s": "BTCFDUSD",
      "a": 233101655,
      "p": "43399.79000000",
      "q": "0.06000000",
      "f": 276316052,
      "l": 276316052,
      "T": 1706607177776,
      "m": true,
      "M": true
    }
  },
  {
    "exchange": "binance",
    "instrument": "btcfdusd",
    "insType": "spot",
    "obj": "trades",
    "btc_price": 43393.32,
    "timestamp": 1706607191.2086375,
    "data": {
      "e": "aggTrade",
      "E": 1706607177869,
      "s": "BTCFDUSD",
      "a": 233101657,
      "p": "43399.79000000",
      "q": "0.04316000",
      "f": 276316054,
      "l": 276316054,
      "T": 1706607177777,
      "m": true,
      "M": true
    }
  },
  {
    "exchange": "binance",
    "instrument": "btcfdusd",
    "insType": "spot",
    "obj": "trades",
    "btc_price": 43393.32,
    "timestamp": 1706607191.2161033,
    "data": {
      "e": "aggTrade",
      "E": 1706607177884,
      "s": "BTCFDUSD",
      "a": 233101659,
      "p": "43398.58000000",
      "q": "0.01627000",
      "f": 276316056,
      "l": 276316057,
      "T": 1706607177791,
      "m": true,
      "M": true
    }
  },
  {
    "exchange": "binance",
    "instrument": "btcfdusd",
    "insType": "spot",
    "obj": "trades",
    "btc_price": 43393.32,
    "timestamp": 1706607191.2235422,
    "data": {
      "e": "aggTrade",
      "E": 1706607177893,
      "s": "BTCFDUSD",
      "a": 233101661,
      "p": "43397.94000000",
      "q": "0.18691000",
      "f": 276316059,
      "l": 276316061,
      "T": 1706607177803,
      "m": true,
      "M": true
    }
  },
  {
    "exchange": "binance",
    "instrument": "btcfdusd",
    "insType": "spot",
    "obj": "trades",
    "btc_price": 43393.32,
    "timestamp": 1706607191.2307568,
    "data": {
      "e": "aggTrade",
      "E": 1706607177933,
      "s": "BTCFDUSD",
      "a": 233101663,
      "p": "43397.75000000",
      "q": "0.00968000",
      "f": 276316063,
      "l": 276316063,
      "T": 1706607177892,
      "m": true,
      "M": true
    }
  },
  {
    "exchange": "binance",
    "instrument": "btcfdusd",
    "insType": "spot",
    "obj": "trades",
    "btc_price": 43393.32,
    "timestamp": 1706607191.24219,
    "data": {
      "e": "aggTrade",
      "E": 1706607177945,
      "s": "BTCFDUSD",
      "a": 233101665,
      "p": "43398.07000000",
      "q": "0.11525000",
      "f": 276316065,
      "l": 276316065,
      "T": 1706607177942,
      "m": true,
      "M": true
    }
  },
  {
    "exchange": "binance",
    "instrument": "btcfdusd",
    "insType": "spot",
    "obj": "trades",
    "btc_price": 43393.32,
    "timestamp": 1706607191.2497218,
    "data": {
      "e": "aggTrade",
      "E": 1706607178052,
      "s": "BTCFDUSD",
      "a": 233101667,
      "p": "43397.77000000",
      "q": "0.00461000",
      "f": 276316067,
      "l": 276316067,
      "T": 1706607178052,
      "m": true,
      "M": true
    }
  },
  {
    "exchange": "binance",
    "instrument": "btcfdusd",
    "insType": "spot",
    "obj": "trades",
    "btc_price": 43393.32,
    "timestamp": 1706607191.2574105,
    "data": {
      "e": "aggTrade",
      "E": 1706607178743,
      "s": "BTCFDUSD",
      "a": 233101669,
      "p": "43398.86000000",
      "q": "0.00118000",
      "f": 276316069,
      "l": 276316069,
      "T": 1706607178742,
      "m": false,
      "M": true
    }
  },
  {
    "exchange": "binance",
    "instrument": "btcfdusd",
    "insType": "spot",
    "obj": "trades",
    "btc_price": 43393.32,
    "timestamp": 1706607191.2641072,
    "data": {
      "e": "aggTrade",
      "E": 1706607179362,
      "s": "BTCFDUSD",
      "a": 233101671,
      "p": "43396.99000000",
      "q": "0.04154000",
      "f": 276316071,
      "l": 276316072,
      "T": 1706607179361,
      "m": true,
      "M": true
    }
  },
  {
    "exchange": "binance",
    "instrument": "btcfdusd",
    "insType": "spot",
    "obj": "trades",
    "btc_price": 43393.32,
    "timestamp": 1706607191.2715359,
    "data": {
      "e": "aggTrade",
      "E": 1706607179655,
      "s": "BTCFDUSD",
      "a": 233101673,
      "p": "43396.47000000",
      "q": "0.00018000",
      "f": 276316074,
      "l": 276316074,
      "T": 1706607179654,
      "m": true,
      "M": true
    }
  },
  {
    "exchange": "binance",
    "instrument": "btcfdusd",
    "insType": "spot",
    "obj": "trades",
    "btc_price": 43393.32,
    "timestamp": 1706607191.278346,
    "data": {
      "e": "aggTrade",
      "E": 1706607180002,
      "s": "BTCFDUSD",
      "a": 233101675,
      "p": "43398.23000000",
      "q": "0.00475000",
      "f": 276316076,
      "l": 276316076,
      "T": 1706607180001,
      "m": false,
      "M": true
    }
  },
  {
    "exchange": "binance",
    "instrument": "btcfdusd",
    "insType": "spot",
    "obj": "trades",
    "btc_price": 43393.32,
    "timestamp": 1706607191.2856505,
    "data": {
      "e": "aggTrade",
      "E": 1706607180002,
      "s": "BTCFDUSD",
      "a": 233101677,
      "p": "43398.92000000",
      "q": "0.00018000",
      "f": 276316078,
      "l": 276316078,
      "T": 1706607180001,
      "m": false,
      "M": true
    }
  },
  {
    "exchange": "binance",
    "instrument": "btcfdusd",
    "insType": "spot",
    "obj": "trades",
    "btc_price": 43393.32,
    "timestamp": 1706607191.293321,
    "data": {
      "e": "aggTrade",
      "E": 1706607180002,
      "s": "BTCFDUSD",
      "a": 233101679,
      "p": "43399.47000000",
      "q": "0.06000000",
      "f": 276316080,
      "l": 276316080,
      "T": 1706607180001,
      "m": false,
      "M": true
    }
  },
  {
    "exchange": "binance",
    "instrument": "btcfdusd",
    "insType": "spot",
    "obj": "trades",
    "btc_price": 43393.32,
    "timestamp": 1706607191.30032,
    "data": {
      "e": "aggTrade",
      "E": 1706607180002,
      "s": "BTCFDUSD",
      "a": 233101681,
      "p": "43399.73000000",
      "q": "0.00030000",
      "f": 276316082,
      "l": 276316082,
      "T": 1706607180001,
      "m": false,
      "M": true
    }
  },
  {
    "exchange": "binance",
    "instrument": "btcfdusd",
    "insType": "spot",
    "obj": "trades",
    "btc_price": 43393.32,
    "timestamp": 1706607191.3078592,
    "data": {
      "e": "aggTrade",
      "E": 1706607180002,
      "s": "BTCFDUSD",
      "a": 233101683,
      "p": "43400.03000000",
      "q": "0.06000000",
      "f": 276316084,
      "l": 276316084,
      "T": 1706607180001,
      "m": false,
      "M": true
    }
  },
  {
    "exchange": "binance",
    "instrument": "btcfdusd",
    "insType": "spot",
    "obj": "trades",
    "btc_price": 43393.32,
    "timestamp": 1706607191.3149292,
    "data": {
      "e": "aggTrade",
      "E": 1706607180003,
      "s": "BTCFDUSD",
      "a": 233101685,
      "p": "43400.70000000",
      "q": "0.00080000",
      "f": 276316086,
      "l": 276316086,
      "T": 1706607180002,
      "m": false,
      "M": true
    }
  },
  {
    "exchange": "binance",
    "instrument": "btcfdusd",
    "insType": "spot",
    "obj": "trades",
    "btc_price": 43393.32,
    "timestamp": 1706607191.3214543,
    "data": {
      "e": "aggTrade",
      "E": 1706607180003,
      "s": "BTCFDUSD",
      "a": 233101687,
      "p": "43401.68000000",
      "q": "0.06910000",
      "f": 276316088,
      "l": 276316088,
      "T": 1706607180002,
      "m": false,
      "M": true
    }
  },
  {
    "exchange": "binance",
    "instrument": "btcfdusd",
    "insType": "spot",
    "obj": "trades",
    "btc_price": 43395.35,
    "timestamp": 1706607197.0190003,
    "data": {
      "e": "aggTrade",
      "E": 1706607180004,
      "s": "BTCFDUSD",
      "a": 233101689,
      "p": "43401.93000000",
      "q": "0.01680000",
      "f": 276316090,
      "l": 276316090,
      "T": 1706607180002,
      "m": false,
      "M": true
    }
  },
  {
    "exchange": "binance",
    "instrument": "btcfdusd",
    "insType": "spot",
    "obj": "trades",
    "btc_price": 43395.35,
    "timestamp": 1706607197.0247557,
    "data": {
      "e": "aggTrade",
      "E": 1706607180004,
      "s": "BTCFDUSD",
      "a": 233101691,
      "p": "43401.96000000",
      "q": "0.05888000",
      "f": 276316092,
      "l": 276316093,
      "T": 1706607180002,
      "m": false,
      "M": true
    }
  },
  {
    "exchange": "binance",
    "instrument": "btcfdusd",
    "insType": "spot",
    "obj": "trades",
    "btc_price": 43395.35,
    "timestamp": 1706607197.0298553,
    "data": {
      "e": "aggTrade",
      "E": 1706607180004,
      "s": "BTCFDUSD",
      "a": 233101693,
      "p": "43402.00000000",
      "q": "0.14250000",
      "f": 276316095,
      "l": 276316095,
      "T": 1706607180002,
      "m": false,
      "M": true
    }
  },
  {
    "exchange": "binance",
    "instrument": "btcfdusd",
    "insType": "spot",
    "obj": "trades",
    "btc_price": 43395.35,
    "timestamp": 1706607197.0348983,
    "data": {
      "e": "aggTrade",
      "E": 1706607180004,
      "s": "BTCFDUSD",
      "a": 233101695,
      "p": "43402.21000000",
      "q": "0.00461000",
      "f": 276316097,
      "l": 276316097,
      "T": 1706607180002,
      "m": false,
      "M": true
    }
  },
  {
    "exchange": "binance",
    "instrument": "btcfdusd",
    "insType": "spot",
    "obj": "trades",
    "btc_price": 43395.35,
    "timestamp": 1706607197.039848,
    "data": {
      "e": "aggTrade",
      "E": 1706607180004,
      "s": "BTCFDUSD",
      "a": 233101697,
      "p": "43402.84000000",
      "q": "0.00049000",
      "f": 276316099,
      "l": 276316099,
      "T": 1706607180002,
      "m": false,
      "M": true
    }
  },
  {
    "exchange": "binance",
    "instrument": "btcfdusd",
    "insType": "spot",
    "obj": "trades",
    "btc_price": 43395.35,
    "timestamp": 1706607197.045031,
    "data": {
      "e": "aggTrade",
      "E": 1706607180004,
      "s": "BTCFDUSD",
      "a": 233101699,
      "p": "43403.00000000",
      "q": "0.00080000",
      "f": 276316101,
      "l": 276316101,
      "T": 1706607180002,
      "m": false,
      "M": true
    }
  },
  {
    "exchange": "binance",
    "instrument": "btcfdusd",
    "insType": "spot",
    "obj": "trades",
    "btc_price": 43395.35,
    "timestamp": 1706607197.0501578,
    "data": {
      "e": "aggTrade",
      "E": 1706607180004,
      "s": "BTCFDUSD",
      "a": 233101701,
      "p": "43403.15000000",
      "q": "0.00187000",
      "f": 276316103,
      "l": 276316103,
      "T": 1706607180002,
      "m": false,
      "M": true
    }
  },
  {
    "exchange": "binance",
    "instrument": "btcfdusd",
    "insType": "spot",
    "obj": "trades",
    "btc_price": 43395.35,
    "timestamp": 1706607197.055252,
    "data": {
      "e": "aggTrade",
      "E": 1706607180004,
      "s": "BTCFDUSD",
      "a": 233101703,
      "p": "43403.40000000",
      "q": "0.00461000",
      "f": 276316105,
      "l": 276316105,
      "T": 1706607180002,
      "m": false,
      "M": true
    }
  },
  {
    "exchange": "binance",
    "instrument": "btcfdusd",
    "insType": "spot",
    "obj": "trades",
    "btc_price": 43395.35,
    "timestamp": 1706607197.06026,
    "data": {
      "e": "aggTrade",
      "E": 1706607180004,
      "s": "BTCFDUSD",
      "a": 233101705,
      "p": "43403.56000000",
      "q": "0.06910000",
      "f": 276316107,
      "l": 276316107,
      "T": 1706607180002,
      "m": false,
      "M": true
    }
  },
  {
    "exchange": "binance",
    "instrument": "btcfdusd",
    "insType": "spot",
    "obj": "trades",
    "btc_price": 43395.35,
    "timestamp": 1706607197.0661752,
    "data": {
      "e": "aggTrade",
      "E": 1706607180004,
      "s": "BTCFDUSD",
      "a": 233101707,
      "p": "43403.67000000",
      "q": "0.00100000",
      "f": 276316109,
      "l": 276316109,
      "T": 1706607180002,
      "m": false,
      "M": true
    }
  },
  {
    "exchange": "binance",
    "instrument": "btcfdusd",
    "insType": "spot",
    "obj": "trades",
    "btc_price": 43395.35,
    "timestamp": 1706607197.071455,
    "data": {
      "e": "aggTrade",
      "E": 1706607180004,
      "s": "BTCFDUSD",
      "a": 233101709,
      "p": "43403.96000000",
      "q": "0.00080000",
      "f": 276316111,
      "l": 276316111,
      "T": 1706607180002,
      "m": false,
      "M": true
    }
  },
  {
    "exchange": "binance",
    "instrument": "btcfdusd",
    "insType": "spot",
    "obj": "trades",
    "btc_price": 43395.35,
    "timestamp": 1706607197.0773227,
    "data": {
      "e": "aggTrade",
      "E": 1706607180004,
      "s": "BTCFDUSD",
      "a": 233101711,
      "p": "43404.41000000",
      "q": "0.00461000",
      "f": 276316114,
      "l": 276316114,
      "T": 1706607180002,
      "m": false,
      "M": true
    }
  },
  {
    "exchange": "binance",
    "instrument": "btcfdusd",
    "insType": "spot",
    "obj": "trades",
    "btc_price": 43395.35,
    "timestamp": 1706607197.0843804,
    "data": {
      "e": "aggTrade",
      "E": 1706607180004,
      "s": "BTCFDUSD",
      "a": 233101713,
      "p": "43405.00000000",
      "q": "0.04656000",
      "f": 276316116,
      "l": 276316118,
      "T": 1706607180002,
      "m": false,
      "M": true
    }
  },
  {
    "exchange": "binance",
    "instrument": "btcfdusd",
    "insType": "spot",
    "obj": "trades",
    "btc_price": 43395.35,
    "timestamp": 1706607197.0917106,
    "data": {
      "e": "aggTrade",
      "E": 1706607180004,
      "s": "BTCFDUSD",
      "a": 233101715,
      "p": "43405.20000000",
      "q": "0.04610000",
      "f": 276316120,
      "l": 276316120,
      "T": 1706607180002,
      "m": false,
      "M": true
    }
  },
  {
    "exchange": "binance",
    "instrument": "btcfdusd",
    "insType": "spot",
    "obj": "trades",
    "btc_price": 43395.35,
    "timestamp": 1706607197.0988355,
    "data": {
      "e": "aggTrade",
      "E": 1706607180007,
      "s": "BTCFDUSD",
      "a": 233101717,
      "p": "43405.44000000",
      "q": "0.06910000",
      "f": 276316122,
      "l": 276316122,
      "T": 1706607180003,
      "m": false,
      "M": true
    }
  },
  {
    "exchange": "binance",
    "instrument": "btcfdusd",
    "insType": "spot",
    "obj": "trades",
    "btc_price": 43395.35,
    "timestamp": 1706607197.1062925,
    "data": {
      "e": "aggTrade",
      "E": 1706607180007,
      "s": "BTCFDUSD",
      "a": 233101719,
      "p": "43405.60000000",
      "q": "0.00793000",
      "f": 276316124,
      "l": 276316124,
      "T": 1706607180003,
      "m": false,
      "M": true
    }
  },
  {
    "exchange": "binance",
    "instrument": "btcfdusd",
    "insType": "spot",
    "obj": "trades",
    "btc_price": 43397.27,
    "timestamp": 1706607202.3866968,
    "data": {
      "e": "aggTrade",
      "E": 1706607180007,
      "s": "BTCFDUSD",
      "a": 233101721,
      "p": "43405.92000000",
      "q": "0.00018000",
      "f": 276316126,
      "l": 276316126,
      "T": 1706607180003,
      "m": false,
      "M": true
    }
  },
  {
    "exchange": "binance",
    "instrument": "btcfdusd",
    "insType": "spot",
    "obj": "trades",
    "btc_price": 43397.27,
    "timestamp": 1706607202.3918395,
    "data": {
      "e": "aggTrade",
      "E": 1706607180007,
      "s": "BTCFDUSD",
      "a": 233101723,
      "p": "43405.99000000",
      "q": "0.25815000",
      "f": 276316128,
      "l": 276316128,
      "T": 1706607180003,
      "m": false,
      "M": true
    }
  },
  {
    "exchange": "binance",
    "instrument": "btcfdusd",
    "insType": "spot",
    "obj": "trades",
    "btc_price": 43397.27,
    "timestamp": 1706607202.396841,
    "data": {
      "e": "aggTrade",
      "E": 1706607180007,
      "s": "BTCFDUSD",
      "a": 233101725,
      "p": "43406.01000000",
      "q": "0.00715000",
      "f": 276316131,
      "l": 276316132,
      "T": 1706607180003,
      "m": false,
      "M": true
    }
  },
  {
    "exchange": "binance",
    "instrument": "btcfdusd",
    "insType": "spot",
    "obj": "trades",
    "btc_price": 43397.27,
    "timestamp": 1706607202.4017637,
    "data": {
      "e": "aggTrade",
      "E": 1706607180007,
      "s": "BTCFDUSD",
      "a": 233101727,
      "p": "43406.31000000",
      "q": "0.02304000",
      "f": 276316135,
      "l": 276316135,
      "T": 1706607180003,
      "m": false,
      "M": true
    }
  },
  {
    "exchange": "binance",
    "instrument": "btcfdusd",
    "insType": "spot",
    "obj": "trades",
    "btc_price": 43397.27,
    "timestamp": 1706607202.4068406,
    "data": {
      "e": "aggTrade",
      "E": 1706607180007,
      "s": "BTCFDUSD",
      "a": 233101729,
      "p": "43406.36000000",
      "q": "0.00027000",
      "f": 276316137,
      "l": 276316137,
      "T": 1706607180003,
      "m": false,
      "M": true
    }
  },
  {
    "exchange": "binance",
    "instrument": "btcfdusd",
    "insType": "spot",
    "obj": "trades",
    "btc_price": 43397.27,
    "timestamp": 1706607202.4118154,
    "data": {
      "e": "aggTrade",
      "E": 1706607180007,
      "s": "BTCFDUSD",
      "a": 233101731,
      "p": "43406.57000000",
      "q": "0.04000000",
      "f": 276316139,
      "l": 276316139,
      "T": 1706607180003,
      "m": false,
      "M": true
    }
  },
  {
    "exchange": "binance",
    "instrument": "btcfdusd",
    "insType": "spot",
    "obj": "trades",
    "btc_price": 43397.27,
    "timestamp": 1706607202.4167404,
    "data": {
      "e": "aggTrade",
      "E": 1706607180007,
      "s": "BTCFDUSD",
      "a": 233101733,
      "p": "43406.74000000",
      "q": "0.00461000",
      "f": 276316141,
      "l": 276316141,
      "T": 1706607180003,
      "m": false,
      "M": true
    }
  },
  {
    "exchange": "binance",
    "instrument": "btcfdusd",
    "insType": "spot",
    "obj": "trades",
    "btc_price": 43397.27,
    "timestamp": 1706607202.4217563,
    "data": {
      "e": "aggTrade",
      "E": 1706607180007,
      "s": "BTCFDUSD",
      "a": 233101735,
      "p": "43406.80000000",
      "q": "0.04610000",
      "f": 276316143,
      "l": 276316143,
      "T": 1706607180003,
      "m": false,
      "M": true
    }
  },
  {
    "exchange": "binance",
    "instrument": "btcfdusd",
    "insType": "spot",
    "obj": "trades",
    "btc_price": 43397.27,
    "timestamp": 1706607202.4266732,
    "data": {
      "e": "aggTrade",
      "E": 1706607180007,
      "s": "BTCFDUSD",
      "a": 233101737,
      "p": "43407.21000000",
      "q": "0.00080000",
      "f": 276316145,
      "l": 276316145,
      "T": 1706607180003,
      "m": false,
      "M": true
    }
  },
  {
    "exchange": "binance",
    "instrument": "btcfdusd",
    "insType": "spot",
    "obj": "trades",
    "btc_price": 43397.27,
    "timestamp": 1706607202.431558,
    "data": {
      "e": "aggTrade",
      "E": 1706607180007,
      "s": "BTCFDUSD",
      "a": 233101739,
      "p": "43407.34000000",
      "q": "0.01000000",
      "f": 276316147,
      "l": 276316147,
      "T": 1706607180003,
      "m": false,
      "M": true
    }
  },
  {
    "exchange": "binance",
    "instrument": "btcfdusd",
    "insType": "spot",
    "obj": "trades",
    "btc_price": 43397.27,
    "timestamp": 1706607202.4370966,
    "data": {
      "e": "aggTrade",
      "E": 1706607180007,
      "s": "BTCFDUSD",
      "a": 233101741,
      "p": "43407.50000000",
      "q": "0.00226000",
      "f": 276316149,
      "l": 276316150,
      "T": 1706607180003,
      "m": false,
      "M": true
    }
  },
  {
    "exchange": "binance",
    "instrument": "btcfdusd",
    "insType": "spot",
    "obj": "trades",
    "btc_price": 43397.27,
    "timestamp": 1706607202.442403,
    "data": {
      "e": "aggTrade",
      "E": 1706607180007,
      "s": "BTCFDUSD",
      "a": 233101743,
      "p": "43408.00000000",
      "q": "0.00125000",
      "f": 276316152,
      "l": 276316153,
      "T": 1706607180003,
      "m": false,
      "M": true
    }
  },
  {
    "exchange": "binance",
    "instrument": "btcfdusd",
    "insType": "spot",
    "obj": "trades",
    "btc_price": 43397.27,
    "timestamp": 1706607202.447453,
    "data": {
      "e": "aggTrade",
      "E": 1706607180007,
      "s": "BTCFDUSD",
      "a": 233101745,
      "p": "43408.30000000",
      "q": "0.00080000",
      "f": 276316155,
      "l": 276316155,
      "T": 1706607180003,
      "m": false,
      "M": true
    }
  },
  {
    "exchange": "binance",
    "instrument": "btcfdusd",
    "insType": "spot",
    "obj": "trades",
    "btc_price": 43397.27,
    "timestamp": 1706607202.4524946,
    "data": {
      "e": "aggTrade",
      "E": 1706607180008,
      "s": "BTCFDUSD",
      "a": 233101747,
      "p": "43408.40000000",
      "q": "0.04610000",
      "f": 276316157,
      "l": 276316157,
      "T": 1706607180003,
      "m": false,
      "M": true
    }
  },
  {
    "exchange": "binance",
    "instrument": "btcfdusd",
    "insType": "spot",
    "obj": "trades",
    "btc_price": 43397.27,
    "timestamp": 1706607202.4583154,
    "data": {
      "e": "aggTrade",
      "E": 1706607180008,
      "s": "BTCFDUSD",
      "a": 233101749,
      "p": "43408.75000000",
      "q": "0.00177000",
      "f": 276316159,
      "l": 276316159,
      "T": 1706607180003,
      "m": false,
      "M": true
    }
  },
  {
    "exchange": "binance",
    "instrument": "btcfdusd",
    "insType": "spot",
    "obj": "trades",
    "btc_price": 43397.27,
    "timestamp": 1706607202.4662127,
    "data": {
      "e": "aggTrade",
      "E": 1706607180008,
      "s": "BTCFDUSD",
      "a": 233101751,
      "p": "43408.80000000",
      "q": "0.02000000",
      "f": 276316161,
      "l": 276316161,
      "T": 1706607180003,
      "m": false,
      "M": true
    }
  },
  {
    "exchange": "binance",
    "instrument": "btcfdusd",
    "insType": "spot",
    "obj": "trades",
    "btc_price": 43400.0,
    "timestamp": 1706607207.4909153,
    "data": {
      "e": "aggTrade",
      "E": 1706607180012,
      "s": "BTCFDUSD",
      "a": 233101753,
      "p": "43408.81000000",
      "q": "0.00100000",
      "f": 276316163,
      "l": 276316163,
      "T": 1706607180004,
      "m": false,
      "M": true
    }
  },
  {
    "exchange": "binance",
    "instrument": "btcfdusd",
    "insType": "spot",
    "obj": "trades",
    "btc_price": 43400.0,
    "timestamp": 1706607207.500309,
    "data": {
      "e": "aggTrade",
      "E": 1706607180012,
      "s": "BTCFDUSD",
      "a": 233101755,
      "p": "43409.59000000",
      "q": "0.00083000",
      "f": 276316165,
      "l": 276316165,
      "T": 1706607180004,
      "m": false,
      "M": true
    }
  },
  {
    "exchange": "binance",
    "instrument": "btcfdusd",
    "insType": "spot",
    "obj": "trades",
    "btc_price": 43400.0,
    "timestamp": 1706607207.5093658,
    "data": {
      "e": "aggTrade",
      "E": 1706607180012,
      "s": "BTCFDUSD",
      "a": 233101757,
      "p": "43409.71000000",
      "q": "0.00461000",
      "f": 276316167,
      "l": 276316167,
      "T": 1706607180004,
      "m": false,
      "M": true
    }
  },
  {
    "exchange": "binance",
    "instrument": "btcfdusd",
    "insType": "spot",
    "obj": "trades",
    "btc_price": 43400.0,
    "timestamp": 1706607207.517158,
    "data": {
      "e": "aggTrade",
      "E": 1706607180012,
      "s": "BTCFDUSD",
      "a": 233101759,
      "p": "43409.93000000",
      "q": "0.11522000",
      "f": 276316169,
      "l": 276316169,
      "T": 1706607180004,
      "m": false,
      "M": true
    }
  },
  {
    "exchange": "binance",
    "instrument": "btcfdusd",
    "insType": "spot",
    "obj": "trades",
    "btc_price": 43400.0,
    "timestamp": 1706607207.5224411,
    "data": {
      "e": "aggTrade",
      "E": 1706607180012,
      "s": "BTCFDUSD",
      "a": 233101761,
      "p": "43410.06000000",
      "q": "0.00683000",
      "f": 276316175,
      "l": 276316175,
      "T": 1706607180004,
      "m": false,
      "M": true
    }
  },
  {
    "exchange": "binance",
    "instrument": "btcfdusd",
    "insType": "spot",
    "obj": "trades",
    "btc_price": 43400.0,
    "timestamp": 1706607207.527847,
    "data": {
      "e": "aggTrade",
      "E": 1706607180012,
      "s": "BTCFDUSD",
      "a": 233101763,
      "p": "43411.07000000",
      "q": "0.00100000",
      "f": 276316178,
      "l": 276316178,
      "T": 1706607180004,
      "m": false,
      "M": true
    }
  },
  {
    "exchange": "binance",
    "instrument": "btcfdusd",
    "insType": "spot",
    "obj": "trades",
    "btc_price": 43400.0,
    "timestamp": 1706607207.53323,
    "data": {
      "e": "aggTrade",
      "E": 1706607180012,
      "s": "BTCFDUSD",
      "a": 233101765,
      "p": "43411.44000000",
      "q": "0.00461000",
      "f": 276316180,
      "l": 276316180,
      "T": 1706607180004,
      "m": false,
      "M": true
    }
  },
  {
    "exchange": "binance",
    "instrument": "btcfdusd",
    "insType": "spot",
    "obj": "trades",
    "btc_price": 43400.0,
    "timestamp": 1706607207.5385177,
    "data": {
      "e": "aggTrade",
      "E": 1706607180012,
      "s": "BTCFDUSD",
      "a": 233101767,
      "p": "43412.00000000",
      "q": "0.00063000",
      "f": 276316182,
      "l": 276316182,
      "T": 1706607180004,
      "m": false,
      "M": true
    }
  },
  {
    "exchange": "binance",
    "instrument": "btcfdusd",
    "insType": "spot",
    "obj": "trades",
    "btc_price": 43400.0,
    "timestamp": 1706607207.5438612,
    "data": {
      "e": "aggTrade",
      "E": 1706607180012,
      "s": "BTCFDUSD",
      "a": 233101769,
      "p": "43412.29000000",
      "q": "0.00019000",
      "f": 276316184,
      "l": 276316184,
      "T": 1706607180004,
      "m": false,
      "M": true
    }
  },
  {
    "exchange": "binance",
    "instrument": "btcfdusd",
    "insType": "spot",
    "obj": "trades",
    "btc_price": 43400.0,
    "timestamp": 1706607207.5517113,
    "data": {
      "e": "aggTrade",
      "E": 1706607180012,
      "s": "BTCFDUSD",
      "a": 233101771,
      "p": "43412.77000000",
      "q": "0.74192000",
      "f": 276316186,
      "l": 276316186,
      "T": 1706607180004,
      "m": false,
      "M": true
    }
  },
  {
    "exchange": "binance",
    "instrument": "btcfdusd",
    "insType": "spot",
    "obj": "trades",
    "btc_price": 43400.0,
    "timestamp": 1706607207.559472,
    "data": {
      "e": "aggTrade",
      "E": 1706607180012,
      "s": "BTCFDUSD",
      "a": 233101773,
      "p": "43412.92000000",
      "q": "0.00461000",
      "f": 276316188,
      "l": 276316188,
      "T": 1706607180004,
      "m": false,
      "M": true
    }
  },
  {
    "exchange": "binance",
    "instrument": "btcfdusd",
    "insType": "spot",
    "obj": "trades",
    "btc_price": 43400.0,
    "timestamp": 1706607207.5651853,
    "data": {
      "e": "aggTrade",
      "E": 1706607180012,
      "s": "BTCFDUSD",
      "a": 233101775,
      "p": "43413.05000000",
      "q": "0.00018000",
      "f": 276316190,
      "l": 276316190,
      "T": 1706607180004,
      "m": false,
      "M": true
    }
  },
  {
    "exchange": "binance",
    "instrument": "btcfdusd",
    "insType": "spot",
    "obj": "trades",
    "btc_price": 43400.0,
    "timestamp": 1706607207.5706334,
    "data": {
      "e": "aggTrade",
      "E": 1706607180012,
      "s": "BTCFDUSD",
      "a": 233101777,
      "p": "43413.40000000",
      "q": "0.00696000",
      "f": 276316192,
      "l": 276316192,
      "T": 1706607180004,
      "m": false,
      "M": true
    }
  },
  {
    "exchange": "binance",
    "instrument": "btcfdusd",
    "insType": "spot",
    "obj": "trades",
    "btc_price": 43400.0,
    "timestamp": 1706607207.575988,
    "data": {
      "e": "aggTrade",
      "E": 1706607180012,
      "s": "BTCFDUSD",
      "a": 233101779,
      "p": "43414.50000000",
      "q": "0.01000000",
      "f": 276316194,
      "l": 276316194,
      "T": 1706607180004,
      "m": false,
      "M": true
    }
  },
  {
    "exchange": "binance",
    "instrument": "btcfdusd",
    "insType": "spot",
    "obj": "trades",
    "btc_price": 43400.0,
    "timestamp": 1706607207.5819702,
    "data": {
      "e": "aggTrade",
      "E": 1706607180012,
      "s": "BTCFDUSD",
      "a": 233101781,
      "p": "43415.00000000",
      "q": "0.03029000",
      "f": 276316196,
      "l": 276316199,
      "T": 1706607180004,
      "m": false,
      "M": true
    }
  },
  {
    "exchange": "binance",
    "instrument": "btcfdusd",
    "insType": "spot",
    "obj": "trades",
    "btc_price": 43400.0,
    "timestamp": 1706607207.5876153,
    "data": {
      "e": "aggTrade",
      "E": 1706607180012,
      "s": "BTCFDUSD",
      "a": 233101783,
      "p": "43415.17000000",
      "q": "0.00115000",
      "f": 276316201,
      "l": 276316201,
      "T": 1706607180004,
      "m": false,
      "M": true
    }
  },
  {
    "exchange": "binance",
    "instrument": "btcfdusd",
    "insType": "spot",
    "obj": "trades",
    "btc_price": 43404.18,
    "timestamp": 1706607212.7924027,
    "data": {
      "e": "aggTrade",
      "E": 1706607180012,
      "s": "BTCFDUSD",
      "a": 233101785,
      "p": "43416.00000000",
      "q": "0.00025000",
      "f": 276316203,
      "l": 276316203,
      "T": 1706607180004,
      "m": false,
      "M": true
    }
  },
  {
    "exchange": "binance",
    "instrument": "btcfdusd",
    "insType": "spot",
    "obj": "trades",
    "btc_price": 43404.18,
    "timestamp": 1706607212.801751,
    "data": {
      "e": "aggTrade",
      "E": 1706607180012,
      "s": "BTCFDUSD",
      "a": 233101787,
      "p": "43416.04000000",
      "q": "0.00346000",
      "f": 276316206,
      "l": 276316206,
      "T": 1706607180004,
      "m": false,
      "M": true
    }
  },
  {
    "exchange": "binance",
    "instrument": "btcfdusd",
    "insType": "spot",
    "obj": "trades",
    "btc_price": 43404.18,
    "timestamp": 1706607212.8093002,
    "data": {
      "e": "aggTrade",
      "E": 1706607180022,
      "s": "BTCFDUSD",
      "a": 233101789,
      "p": "43416.27000000",
      "q": "0.09120000",
      "f": 276316208,
      "l": 276316208,
      "T": 1706607180005,
      "m": false,
      "M": true
    }
  },
  {
    "exchange": "binance",
    "instrument": "btcfdusd",
    "insType": "spot",
    "obj": "trades",
    "btc_price": 43404.18,
    "timestamp": 1706607212.8191993,
    "data": {
      "e": "aggTrade",
      "E": 1706607180022,
      "s": "BTCFDUSD",
      "a": 233101791,
      "p": "43416.87000000",
      "q": "0.05000000",
      "f": 276316210,
      "l": 276316210,
      "T": 1706607180005,
      "m": false,
      "M": true
    }
  },
  {
    "exchange": "binance",
    "instrument": "btcfdusd",
    "insType": "spot",
    "obj": "trades",
    "btc_price": 43404.18,
    "timestamp": 1706607212.8808131,
    "data": {
      "e": "aggTrade",
      "E": 1706607180038,
      "s": "BTCFDUSD",
      "a": 233101793,
      "p": "43416.90000000",
      "q": "0.08000000",
      "f": 276316212,
      "l": 276316212,
      "T": 1706607180006,
      "m": false,
      "M": true
    }
  },
  {
    "exchange": "binance",
    "instrument": "btcfdusd",
    "insType": "spot",
    "obj": "trades",
    "btc_price": 43404.18,
    "timestamp": 1706607212.8881085,
    "data": {
      "e": "aggTrade",
      "E": 1706607180047,
