[
  {
    "exchange": "binance",
    "instrument": "btcusdt",
    "insType": "perpetual",
    "obj": "trades",
    "btc_price": 43385.75,
    "timestamp": 1706607143.907354,
    "data": {
      "e": "aggTrade",
      "E": 1706607141237,
      "a": 2003610431,
      "s": "BTCUSDT",
      "p": "43370.00",
      "q": "0.004",
      "f": 4542591079,
      "l": 4542591079,
      "T": 1706607141085,
      "m": true
    }
  },
  {
    "exchange": "binance",
    "instrument": "btcusdt",
    "insType": "perpetual",
    "obj": "trades",
    "btc_price": 43385.75,
    "timestamp": 1706607143.9076474,
    "data": {
      "e": "aggTrade",
      "E": 1706607142031,
      "a": 2003610433,
      "s": "BTCUSDT",
      "p": "43370.10",
      "q": "0.006",
      "f": 4542591081,
      "l": 4542591082,
      "T": 1706607141878,
      "m": false
    }
  },
  {
    "exchange": "binance",
    "instrument": "btcusdt",
    "insType": "perpetual",
    "obj": "trades",
    "btc_price": 43385.75,
    "timestamp": 1706607143.9081876,
    "data": {
      "e": "aggTrade",
      "E": 1706607142520,
      "a": 2003610435,
      "s": "BTCUSDT",
      "p": "43370.00",
      "q": "0.032",
      "f": 4542591084,
      "l": 4542591087,
      "T": 1706607142367,
      "m": true
    }
  },
  {
    "exchange": "binance",
    "instrument": "btcusdt",
    "insType": "perpetual",
    "obj": "trades",
    "btc_price": 43385.75,
    "timestamp": 1706607143.9084866,
    "data": {
      "e": "aggTrade",
      "E": 1706607143223,
      "a": 2003610437,
      "s": "BTCUSDT",
      "p": "43370.10",
      "q": "0.188",
      "f": 4542591102,
      "l": 4542591103,
      "T": 1706607143071,
      "m": false
    }
  },
  {
    "exchange": "binance",
    "instrument": "btcusdt",
    "insType": "perpetual",
    "obj": "trades",
    "btc_price": 43390.79,
    "timestamp": 1706607144.2535214,
    "data": {
      "e": "aggTrade",
      "E": 1706607143843,
      "a": 2003610439,
      "s": "BTCUSDT",
      "p": "43370.00",
      "q": "0.006",
      "f": 4542591105,
      "l": 4542591105,
      "T": 1706607143690,
      "m": true
    }
  },
  {
    "exchange": "binance",
    "instrument": "btcusdt",
    "insType": "perpetual",
    "obj": "trades",
    "btc_price": 43390.79,
    "timestamp": 1706607145.5216203,
    "data": {
      "e": "aggTrade",
      "E": 1706607145398,
      "a": 2003610441,
      "s": "BTCUSDT",
      "p": "43370.00",
      "q": "0.008",
      "f": 4542591107,
      "l": 4542591107,
      "T": 1706607145246,
      "m": true
    }
  },
  {
    "exchange": "binance",
    "instrument": "btcusdt",
    "insType": "perpetual",
    "obj": "trades",
    "btc_price": 43390.78,
    "timestamp": 1706607147.2050982,
    "data": {
      "e": "aggTrade",
      "E": 1706607147090,
      "a": 2003610443,
      "s": "BTCUSDT",
      "p": "43370.10",
      "q": "0.007",
      "f": 4542591109,
      "l": 4542591109,
      "T": 1706607146940,
      "m": false
    }
  },
  {
    "exchange": "binance",
    "instrument": "btcusdt",
    "insType": "perpetual",
    "obj": "trades",
    "btc_price": 43390.78,
    "timestamp": 1706607147.962418,
    "data": {
      "e": "aggTrade",
      "E": 1706607147847,
      "a": 2003610445,
      "s": "BTCUSDT",
      "p": "43370.00",
      "q": "0.003",
      "f": 4542591111,
      "l": 4542591111,
      "T": 1706607147695,
      "m": true
    }
  },
  {
    "exchange": "binance",
    "instrument": "btcusdt",
    "insType": "perpetual",
    "obj": "trades",
    "btc_price": 43390.78,
    "timestamp": 1706607148.2774198,
    "data": {
      "e": "aggTrade",
      "E": 1706607148162,
      "a": 2003610447,
      "s": "BTCUSDT",
      "p": "43370.00",
      "q": "0.125",
      "f": 4542591114,
      "l": 4542591115,
      "T": 1706607148112,
      "m": true
    }
  },
  {
    "exchange": "binance",
    "instrument": "btcusdt",
    "insType": "perpetual",
    "obj": "trades",
    "btc_price": 43390.78,
    "timestamp": 1706607149.1206582,
    "data": {
      "e": "aggTrade",
      "E": 1706607148984,
      "a": 2003610449,
      "s": "BTCUSDT",
      "p": "43370.00",
      "q": "0.207",
      "f": 4542591117,
      "l": 4542591119,
      "T": 1706607148904,
      "m": true
    }
  },
  {
    "exchange": "binance",
    "instrument": "btcusdt",
    "insType": "perpetual",
    "obj": "trades",
    "btc_price": 43390.78,
    "timestamp": 1706607149.1211903,
    "data": {
      "e": "aggTrade",
      "E": 1706607148988,
      "a": 2003610451,
      "s": "BTCUSDT",
      "p": "43370.20",
      "q": "0.118",
      "f": 4542591174,
      "l": 4542591175,
      "T": 1706607148985,
      "m": false
    }
  },
  {
    "exchange": "binance",
    "instrument": "btcusdt",
    "insType": "perpetual",
    "obj": "trades",
    "btc_price": 43390.78,
    "timestamp": 1706607149.1530035,
    "data": {
      "e": "aggTrade",
      "E": 1706607149036,
      "a": 2003610453,
      "s": "BTCUSDT",
      "p": "43371.00",
      "q": "0.013",
      "f": 4542591177,
      "l": 4542591177,
      "T": 1706607148997,
      "m": false
    }
  },
  {
    "exchange": "binance",
    "instrument": "btcusdt",
    "insType": "perpetual",
    "obj": "trades",
    "btc_price": 43390.78,
    "timestamp": 1706607149.1552906,
    "data": {
      "e": "aggTrade",
      "E": 1706607149039,
      "a": 2003610455,
      "s": "BTCUSDT",
      "p": "43371.50",
      "q": "0.003",
      "f": 4542591179,
      "l": 4542591179,
      "T": 1706607149037,
      "m": false
    }
  },
  {
    "exchange": "binance",
    "instrument": "btcusdt",
    "insType": "perpetual",
    "obj": "trades",
    "btc_price": 43390.78,
    "timestamp": 1706607149.155891,
    "data": {
      "e": "aggTrade",
      "E": 1706607149039,
      "a": 2003610457,
      "s": "BTCUSDT",
      "p": "43372.20",
      "q": "0.005",
      "f": 4542591183,
      "l": 4542591183,
      "T": 1706607149037,
      "m": false
    }
  },
  {
    "exchange": "binance",
    "instrument": "btcusdt",
    "insType": "perpetual",
    "obj": "trades",
    "btc_price": 43390.78,
    "timestamp": 1706607149.1566195,
    "data": {
      "e": "aggTrade",
      "E": 1706607149039,
      "a": 2003610459,
      "s": "BTCUSDT",
      "p": "43372.40",
      "q": "0.003",
      "f": 4542591185,
      "l": 4542591185,
      "T": 1706607149037,
      "m": false
    }
  },
  {
    "exchange": "binance",
    "instrument": "btcusdt",
    "insType": "perpetual",
    "obj": "trades",
    "btc_price": 43390.78,
    "timestamp": 1706607149.157283,
    "data": {
      "e": "aggTrade",
      "E": 1706607149039,
      "a": 2003610461,
      "s": "BTCUSDT",
      "p": "43372.70",
      "q": "0.046",
      "f": 4542591187,
      "l": 4542591187,
      "T": 1706607149037,
      "m": false
    }
  },
  {
    "exchange": "binance",
    "instrument": "btcusdt",
    "insType": "perpetual",
    "obj": "trades",
    "btc_price": 43390.78,
    "timestamp": 1706607149.158006,
    "data": {
      "e": "aggTrade",
      "E": 1706607149039,
      "a": 2003610463,
      "s": "BTCUSDT",
      "p": "43373.00",
      "q": "0.003",
      "f": 4542591189,
      "l": 4542591189,
      "T": 1706607149037,
      "m": false
    }
  },
  {
    "exchange": "binance",
    "instrument": "btcusdt",
    "insType": "perpetual",
    "obj": "trades",
    "btc_price": 43390.78,
    "timestamp": 1706607149.1599743,
    "data": {
      "e": "aggTrade",
      "E": 1706607149039,
      "a": 2003610465,
      "s": "BTCUSDT",
      "p": "43373.60",
      "q": "0.031",
      "f": 4542591191,
      "l": 4542591191,
      "T": 1706607149037,
      "m": false
    }
  },
  {
    "exchange": "binance",
    "instrument": "btcusdt",
    "insType": "perpetual",
    "obj": "trades",
    "btc_price": 43390.78,
    "timestamp": 1706607149.160724,
    "data": {
      "e": "aggTrade",
      "E": 1706607149039,
      "a": 2003610467,
      "s": "BTCUSDT",
      "p": "43373.90",
      "q": "0.008",
      "f": 4542591193,
      "l": 4542591193,
      "T": 1706607149037,
      "m": false
    }
  },
  {
    "exchange": "binance",
    "instrument": "btcusdt",
    "insType": "perpetual",
    "obj": "trades",
    "btc_price": 43390.78,
    "timestamp": 1706607149.1614735,
    "data": {
      "e": "aggTrade",
      "E": 1706607149039,
      "a": 2003610469,
      "s": "BTCUSDT",
      "p": "43374.20",
      "q": "0.003",
      "f": 4542591195,
      "l": 4542591195,
      "T": 1706607149037,
      "m": false
    }
  },
  {
    "exchange": "binance",
    "instrument": "btcusdt",
    "insType": "perpetual",
    "obj": "trades",
    "btc_price": 43390.78,
    "timestamp": 1706607149.2105374,
    "data": {
      "e": "aggTrade",
      "E": 1706607149096,
      "a": 2003610471,
      "s": "BTCUSDT",
      "p": "43374.60",
      "q": "0.198",
      "f": 4542591197,
      "l": 4542591201,
      "T": 1706607149037,
      "m": false
    }
  },
  {
    "exchange": "binance",
    "instrument": "btcusdt",
    "insType": "perpetual",
    "obj": "trades",
    "btc_price": 43390.78,
    "timestamp": 1706607149.3366356,
    "data": {
      "e": "aggTrade",
      "E": 1706607149098,
      "a": 2003610473,
      "s": "BTCUSDT",
      "p": "43375.00",
      "q": "0.003",
      "f": 4542591204,
      "l": 4542591204,
      "T": 1706607149094,
      "m": false
    }
  },
  {
    "exchange": "binance",
    "instrument": "btcusdt",
    "insType": "perpetual",
    "obj": "trades",
    "btc_price": 43390.78,
    "timestamp": 1706607149.5675268,
    "data": {
      "e": "aggTrade",
      "E": 1706607149453,
      "a": 2003610475,
      "s": "BTCUSDT",
      "p": "43375.30",
      "q": "1.587",
      "f": 4542591212,
      "l": 4542591213,
      "T": 1706607149300,
      "m": true
    }
  },
  {
    "exchange": "binance",
    "instrument": "btcusdt",
    "insType": "perpetual",
    "obj": "trades",
    "btc_price": 43390.78,
    "timestamp": 1706607150.1707726,
    "data": {
      "e": "aggTrade",
      "E": 1706607150056,
      "a": 2003610477,
      "s": "BTCUSDT",
      "p": "43375.30",
      "q": "0.184",
      "f": 4542591215,
      "l": 4542591215,
      "T": 1706607149903,
      "m": true
    }
  },
  {
    "exchange": "binance",
    "instrument": "btcusdt",
    "insType": "perpetual",
    "obj": "trades",
    "btc_price": 43390.78,
    "timestamp": 1706607152.0097091,
    "data": {
      "e": "aggTrade",
      "E": 1706607151895,
      "a": 2003610479,
      "s": "BTCUSDT",
      "p": "43375.40",
      "q": "2.135",
      "f": 4542591217,
      "l": 4542591276,
      "T": 1706607151867,
      "m": false
    }
  },
  {
    "exchange": "binance",
    "instrument": "btcusdt",
    "insType": "perpetual",
    "obj": "trades",
    "btc_price": 43390.78,
    "timestamp": 1706607152.0107625,
    "data": {
      "e": "aggTrade",
      "E": 1706607151895,
      "a": 2003610481,
      "s": "BTCUSDT",
      "p": "43375.70",
      "q": "0.005",
      "f": 4542591279,
      "l": 4542591279,
      "T": 1706607151892,
      "m": false
    }
  },
  {
    "exchange": "binance",
    "instrument": "btcusdt",
    "insType": "perpetual",
    "obj": "trades",
    "btc_price": 43390.78,
    "timestamp": 1706607152.0126276,
    "data": {
      "e": "aggTrade",
      "E": 1706607151897,
      "a": 2003610483,
      "s": "BTCUSDT",
      "p": "43375.90",
      "q": "0.005",
      "f": 4542591282,
      "l": 4542591283,
      "T": 1706607151896,
      "m": false
    }
  },
  {
    "exchange": "binance",
    "instrument": "btcusdt",
    "insType": "perpetual",
    "obj": "trades",
    "btc_price": 43390.78,
    "timestamp": 1706607152.0193083,
    "data": {
      "e": "aggTrade",
      "E": 1706607151901,
      "a": 2003610485,
      "s": "BTCUSDT",
      "p": "43376.20",
      "q": "0.016",
      "f": 4542591285,
      "l": 4542591286,
      "T": 1706607151896,
      "m": false
    }
  },
  {
    "exchange": "binance",
    "instrument": "btcusdt",
    "insType": "perpetual",
    "obj": "trades",
    "btc_price": 43393.32,
    "timestamp": 1706607152.1904807,
    "data": {
      "e": "aggTrade",
      "E": 1706607152075,
      "a": 2003610487,
      "s": "BTCUSDT",
      "p": "43376.20",
      "q": "0.018",
      "f": 4542591288,
      "l": 4542591288,
      "T": 1706607151978,
      "m": false
    }
  },
  {
    "exchange": "binance",
    "instrument": "btcusdt",
    "insType": "perpetual",
    "obj": "trades",
    "btc_price": 43393.33,
    "timestamp": 1706607152.8365633,
    "data": {
      "e": "aggTrade",
      "E": 1706607152722,
      "a": 2003610489,
      "s": "BTCUSDT",
      "p": "43376.20",
      "q": "0.005",
      "f": 4542591292,
      "l": 4542591292,
      "T": 1706607152567,
      "m": false
    }
  },
  {
    "exchange": "binance",
    "instrument": "btcusdt",
    "insType": "perpetual",
    "obj": "trades",
    "btc_price": 43393.32,
    "timestamp": 1706607153.556614,
    "data": {
      "e": "aggTrade",
      "E": 1706607153429,
      "a": 2003610491,
      "s": "BTCUSDT",
      "p": "43376.20",
      "q": "0.016",
      "f": 4542591294,
      "l": 4542591294,
      "T": 1706607153277,
      "m": false
    }
  },
  {
    "exchange": "binance",
    "instrument": "btcusdt",
    "insType": "perpetual",
    "obj": "trades",
    "btc_price": 43393.33,
    "timestamp": 1706607154.7843845,
    "data": {
      "e": "aggTrade",
      "E": 1706607154619,
      "a": 2003610493,
      "s": "BTCUSDT",
      "p": "43376.20",
      "q": "0.016",
      "f": 4542591296,
      "l": 4542591298,
      "T": 1706607154466,
      "m": false
    }
  },
  {
    "exchange": "binance",
    "instrument": "btcusdt",
    "insType": "perpetual",
    "obj": "trades",
    "btc_price": 43393.33,
    "timestamp": 1706607155.3633428,
    "data": {
      "e": "aggTrade",
      "E": 1706607155249,
      "a": 2003610495,
      "s": "BTCUSDT",
      "p": "43376.10",
      "q": "0.035",
      "f": 4542591300,
      "l": 4542591300,
      "T": 1706607155134,
      "m": true
    }
  },
  {
    "exchange": "binance",
    "instrument": "btcusdt",
    "insType": "perpetual",
    "obj": "trades",
    "btc_price": 43393.33,
    "timestamp": 1706607155.6154432,
    "data": {
      "e": "aggTrade",
      "E": 1706607155501,
      "a": 2003610497,
      "s": "BTCUSDT",
      "p": "43376.20",
      "q": "0.012",
      "f": 4542591302,
      "l": 4542591302,
      "T": 1706607155348,
      "m": false
    }
  },
  {
    "exchange": "binance",
    "instrument": "btcusdt",
    "insType": "perpetual",
    "obj": "trades",
    "btc_price": 43393.32,
    "timestamp": 1706607156.6615243,
    "data": {
      "e": "aggTrade",
      "E": 1706607156547,
      "a": 2003610499,
      "s": "BTCUSDT",
      "p": "43376.20",
      "q": "0.031",
      "f": 4542591304,
      "l": 4542591304,
      "T": 1706607156393,
      "m": false
    }
  },
  {
    "exchange": "binance",
    "instrument": "btcusdt",
    "insType": "perpetual",
    "obj": "trades",
    "btc_price": 43393.32,
    "timestamp": 1706607156.8374877,
    "data": {
      "e": "aggTrade",
      "E": 1706607156715,
      "a": 2003610501,
      "s": "BTCUSDT",
      "p": "43376.00",
      "q": "0.028",
      "f": 4542591408,
      "l": 4542591411,
      "T": 1706607156712,
      "m": true
    }
  },
  {
    "exchange": "binance",
    "instrument": "btcusdt",
    "insType": "perpetual",
    "obj": "trades",
    "btc_price": 43393.32,
    "timestamp": 1706607156.8387425,
    "data": {
      "e": "aggTrade",
      "E": 1706607156716,
      "a": 2003610503,
      "s": "BTCUSDT",
      "p": "43375.80",
      "q": "0.805",
      "f": 4542591415,
      "l": 4542591416,
      "T": 1706607156712,
      "m": true
    }
  },
  {
    "exchange": "binance",
    "instrument": "btcusdt",
    "insType": "perpetual",
    "obj": "trades",
    "btc_price": 43393.32,
    "timestamp": 1706607156.8399093,
    "data": {
      "e": "aggTrade",
      "E": 1706607156716,
      "a": 2003610505,
      "s": "BTCUSDT",
      "p": "43375.50",
      "q": "0.363",
      "f": 4542591418,
      "l": 4542591419,
      "T": 1706607156712,
      "m": true
    }
  },
  {
    "exchange": "binance",
    "instrument": "btcusdt",
    "insType": "perpetual",
    "obj": "trades",
    "btc_price": 43393.32,
    "timestamp": 1706607156.8412375,
    "data": {
      "e": "aggTrade",
      "E": 1706607156716,
      "a": 2003610507,
      "s": "BTCUSDT",
      "p": "43375.30",
      "q": "0.037",
      "f": 4542591422,
      "l": 4542591427,
      "T": 1706607156712,
      "m": true
    }
  },
  {
    "exchange": "binance",
    "instrument": "btcusdt",
    "insType": "perpetual",
    "obj": "trades",
    "btc_price": 43393.32,
    "timestamp": 1706607156.8424246,
    "data": {
      "e": "aggTrade",
      "E": 1706607156716,
      "a": 2003610509,
      "s": "BTCUSDT",
      "p": "43375.10",
      "q": "0.077",
      "f": 4542591429,
      "l": 4542591430,
      "T": 1706607156712,
      "m": true
    }
  },
  {
    "exchange": "binance",
    "instrument": "btcusdt",
    "insType": "perpetual",
    "obj": "trades",
    "btc_price": 43393.32,
    "timestamp": 1706607156.8436463,
    "data": {
      "e": "aggTrade",
      "E": 1706607156716,
      "a": 2003610511,
      "s": "BTCUSDT",
      "p": "43374.90",
      "q": "0.005",
      "f": 4542591432,
      "l": 4542591432,
      "T": 1706607156712,
      "m": true
    }
  },
  {
    "exchange": "binance",
    "instrument": "btcusdt",
    "insType": "perpetual",
    "obj": "trades",
    "btc_price": 43393.32,
    "timestamp": 1706607156.8449912,
    "data": {
      "e": "aggTrade",
      "E": 1706607156716,
      "a": 2003610513,
      "s": "BTCUSDT",
      "p": "43374.70",
      "q": "0.005",
      "f": 4542591436,
      "l": 4542591436,
      "T": 1706607156712,
      "m": true
    }
  },
  {
    "exchange": "binance",
    "instrument": "btcusdt",
    "insType": "perpetual",
    "obj": "trades",
    "btc_price": 43393.32,
    "timestamp": 1706607156.846226,
    "data": {
      "e": "aggTrade",
      "E": 1706607156716,
      "a": 2003610515,
      "s": "BTCUSDT",
      "p": "43374.50",
      "q": "0.092",
      "f": 4542591438,
      "l": 4542591440,
      "T": 1706607156712,
      "m": true
    }
  },
  {
    "exchange": "binance",
    "instrument": "btcusdt",
    "insType": "perpetual",
    "obj": "trades",
    "btc_price": 43393.32,
    "timestamp": 1706607156.8474631,
    "data": {
      "e": "aggTrade",
      "E": 1706607156716,
      "a": 2003610517,
      "s": "BTCUSDT",
      "p": "43374.30",
      "q": "0.005",
      "f": 4542591442,
      "l": 4542591442,
      "T": 1706607156712,
      "m": true
    }
  },
  {
    "exchange": "binance",
    "instrument": "btcusdt",
    "insType": "perpetual",
    "obj": "trades",
    "btc_price": 43393.32,
    "timestamp": 1706607156.8487575,
    "data": {
      "e": "aggTrade",
      "E": 1706607156716,
      "a": 2003610519,
      "s": "BTCUSDT",
      "p": "43374.10",
      "q": "0.082",
      "f": 4542591444,
      "l": 4542591446,
      "T": 1706607156712,
      "m": true
    }
  },
  {
    "exchange": "binance",
    "instrument": "btcusdt",
    "insType": "perpetual",
    "obj": "trades",
    "btc_price": 43393.32,
    "timestamp": 1706607156.8500268,
    "data": {
      "e": "aggTrade",
      "E": 1706607156716,
      "a": 2003610521,
      "s": "BTCUSDT",
      "p": "43373.90",
      "q": "0.010",
      "f": 4542591450,
      "l": 4542591450,
      "T": 1706607156712,
      "m": true
    }
  },
  {
    "exchange": "binance",
    "instrument": "btcusdt",
    "insType": "perpetual",
    "obj": "trades",
    "btc_price": 43393.32,
    "timestamp": 1706607156.8512921,
    "data": {
      "e": "aggTrade",
      "E": 1706607156716,
      "a": 2003610523,
      "s": "BTCUSDT",
      "p": "43373.70",
      "q": "0.288",
      "f": 4542591453,
      "l": 4542591453,
      "T": 1706607156712,
      "m": true
    }
  },
  {
    "exchange": "binance",
    "instrument": "btcusdt",
    "insType": "perpetual",
    "obj": "trades",
    "btc_price": 43393.32,
    "timestamp": 1706607156.8526413,
    "data": {
      "e": "aggTrade",
      "E": 1706607156716,
      "a": 2003610525,
      "s": "BTCUSDT",
      "p": "43373.40",
      "q": "0.022",
      "f": 4542591455,
      "l": 4542591457,
      "T": 1706607156712,
      "m": true
    }
  },
  {
    "exchange": "binance",
    "instrument": "btcusdt",
    "insType": "perpetual",
    "obj": "trades",
    "btc_price": 43393.32,
    "timestamp": 1706607156.8544827,
    "data": {
      "e": "aggTrade",
      "E": 1706607156717,
      "a": 2003610527,
      "s": "BTCUSDT",
      "p": "43373.20",
      "q": "0.019",
      "f": 4542591459,
      "l": 4542591461,
      "T": 1706607156712,
      "m": true
    }
  },
  {
    "exchange": "binance",
    "instrument": "btcusdt",
    "insType": "perpetual",
    "obj": "trades",
    "btc_price": 43393.32,
    "timestamp": 1706607156.8559082,
    "data": {
      "e": "aggTrade",
      "E": 1706607156717,
      "a": 2003610529,
      "s": "BTCUSDT",
      "p": "43373.00",
      "q": "0.034",
      "f": 4542591467,
      "l": 4542591469,
      "T": 1706607156712,
      "m": true
    }
  },
  {
    "exchange": "binance",
    "instrument": "btcusdt",
    "insType": "perpetual",
    "obj": "trades",
    "btc_price": 43393.32,
    "timestamp": 1706607156.9828398,
    "data": {
      "e": "aggTrade",
      "E": 1706607156868,
      "a": 2003610531,
      "s": "BTCUSDT",
      "p": "43372.80",
      "q": "0.055",
      "f": 4542591472,
      "l": 4542591481,
      "T": 1706607156712,
      "m": true
    }
  },
  {
    "exchange": "binance",
    "instrument": "btcusdt",
    "insType": "perpetual",
    "obj": "trades",
    "btc_price": 43393.32,
    "timestamp": 1706607157.3549068,
    "data": {
      "e": "aggTrade",
      "E": 1706607157241,
      "a": 2003610533,
      "s": "BTCUSDT",
      "p": "43372.90",
      "q": "0.022",
      "f": 4542591484,
      "l": 4542591484,
      "T": 1706607157088,
      "m": false
    }
  },
  {
    "exchange": "binance",
    "instrument": "btcusdt",
    "insType": "perpetual",
    "obj": "trades",
    "btc_price": 43393.33,
    "timestamp": 1706607159.5488594,
    "data": {
      "e": "aggTrade",
      "E": 1706607159429,
      "a": 2003610535,
      "s": "BTCUSDT",
      "p": "43372.80",
      "q": "0.003",
      "f": 4542591487,
      "l": 4542591487,
      "T": 1706607159276,
      "m": true
    }
  },
  {
    "exchange": "binance",
    "instrument": "btcusdt",
    "insType": "perpetual",
    "obj": "trades",
    "btc_price": 43393.33,
    "timestamp": 1706607160.4596636,
    "data": {
      "e": "aggTrade",
      "E": 1706607160284,
      "a": 2003610537,
      "s": "BTCUSDT",
      "p": "43372.90",
      "q": "0.057",
      "f": 4542591490,
      "l": 4542591490,
      "T": 1706607160255,
      "m": false
    }
  },
  {
    "exchange": "binance",
    "instrument": "btcusdt",
    "insType": "perpetual",
    "obj": "trades",
    "btc_price": 43393.33,
    "timestamp": 1706607162.0472724,
    "data": {
      "e": "aggTrade",
      "E": 1706607161893,
      "a": 2003610539,
      "s": "BTCUSDT",
      "p": "43372.80",
      "q": "0.047",
      "f": 4542591492,
      "l": 4542591495,
      "T": 1706607161764,
      "m": true
    }
  },
  {
    "exchange": "binance",
    "instrument": "btcusdt",
    "insType": "perpetual",
    "obj": "trades",
    "btc_price": 43393.33,
    "timestamp": 1706607162.556382,
    "data": {
      "e": "aggTrade",
      "E": 1706607162427,
      "a": 2003610541,
      "s": "BTCUSDT",
      "p": "43372.80",
      "q": "0.003",
      "f": 4542591501,
      "l": 4542591501,
      "T": 1706607162275,
      "m": true
    }
  },
  {
    "exchange": "binance",
    "instrument": "btcusdt",
    "insType": "perpetual",
    "obj": "trades",
    "btc_price": 43393.33,
    "timestamp": 1706607164.326733,
    "data": {
      "e": "aggTrade",
      "E": 1706607164164,
      "a": 2003610543,
      "s": "BTCUSDT",
      "p": "43372.80",
      "q": "0.006",
      "f": 4542591503,
      "l": 4542591503,
      "T": 1706607164011,
      "m": true
    }
  },
  {
    "exchange": "binance",
    "instrument": "btcusdt",
    "insType": "perpetual",
    "obj": "trades",
    "btc_price": 43393.33,
    "timestamp": 1706607164.9553838,
    "data": {
      "e": "aggTrade",
      "E": 1706607164791,
      "a": 2003610545,
      "s": "BTCUSDT",
      "p": "43372.80",
      "q": "0.046",
      "f": 4542591505,
      "l": 4542591508,
      "T": 1706607164638,
      "m": true
    }
  },
  {
    "exchange": "binance",
    "instrument": "btcusdt",
    "insType": "perpetual",
    "obj": "trades",
    "btc_price": 43393.33,
    "timestamp": 1706607165.672375,
    "data": {
      "e": "aggTrade",
      "E": 1706607165548,
      "a": 2003610547,
      "s": "BTCUSDT",
      "p": "43372.90",
      "q": "0.678",
      "f": 4542591559,
      "l": 4542591581,
      "T": 1706607165395,
      "m": false
    }
  },
  {
    "exchange": "binance",
    "instrument": "btcusdt",
    "insType": "perpetual",
    "obj": "trades",
    "btc_price": 43393.33,
    "timestamp": 1706607165.9676871,
    "data": {
      "e": "aggTrade",
      "E": 1706607165853,
      "a": 2003610549,
      "s": "BTCUSDT",
      "p": "43372.80",
      "q": "0.007",
      "f": 4542591583,
      "l": 4542591583,
      "T": 1706607165803,
      "m": true
    }
  },
  {
    "exchange": "binance",
    "instrument": "btcusdt",
    "insType": "perpetual",
    "obj": "trades",
    "btc_price": 43393.33,
    "timestamp": 1706607166.3029792,
    "data": {
      "e": "aggTrade",
      "E": 1706607166164,
      "a": 2003610551,
      "s": "BTCUSDT",
      "p": "43372.80",
      "q": "0.017",
      "f": 4542591586,
      "l": 4542591588,
      "T": 1706607166011,
      "m": true
    }
  },
  {
    "exchange": "binance",
    "instrument": "btcusdt",
    "insType": "perpetual",
    "obj": "trades",
    "btc_price": 43393.33,
    "timestamp": 1706607169.0027313,
    "data": {
      "e": "aggTrade",
      "E": 1706607167100,
      "a": 2003610553,
      "s": "BTCUSDT",
      "p": "43372.70",
      "q": "0.060",
      "f": 4542591647,
      "l": 4542591650,
      "T": 1706607167097,
      "m": true
    }
  },
  {
    "exchange": "binance",
    "instrument": "btcusdt",
    "insType": "perpetual",
    "obj": "trades",
    "btc_price": 43393.33,
    "timestamp": 1706607169.0064197,
    "data": {
      "e": "aggTrade",
      "E": 1706607167258,
      "a": 2003610555,
      "s": "BTCUSDT",
      "p": "43371.90",
      "q": "0.176",
      "f": 4542591652,
      "l": 4542591654,
      "T": 1706607167106,
      "m": true
    }
  },
  {
    "exchange": "binance",
    "instrument": "btcusdt",
    "insType": "perpetual",
    "obj": "trades",
    "btc_price": 43393.33,
    "timestamp": 1706607170.4717968,
    "data": {
      "e": "aggTrade",
      "E": 1706607167973,
      "a": 2003610557,
      "s": "BTCUSDT",
      "p": "43371.90",
      "q": "0.007",
      "f": 4542591656,
      "l": 4542591656,
      "T": 1706607167860,
      "m": true
    }
  },
  {
    "exchange": "binance",
    "instrument": "btcusdt",
    "insType": "perpetual",
    "obj": "trades",
    "btc_price": 43393.33,
    "timestamp": 1706607170.4752214,
    "data": {
      "e": "aggTrade",
      "E": 1706607168320,
      "a": 2003610559,
      "s": "BTCUSDT",
      "p": "43371.90",
      "q": "0.006",
      "f": 4542591658,
      "l": 4542591658,
      "T": 1706607168168,
      "m": true
    }
  },
  {
    "exchange": "binance",
    "instrument": "btcusdt",
    "insType": "perpetual",
    "obj": "trades",
    "btc_price": 43393.33,
    "timestamp": 1706607170.4785407,
    "data": {
      "e": "aggTrade",
      "E": 1706607168642,
      "a": 2003610561,
      "s": "BTCUSDT",
      "p": "43372.00",
      "q": "0.021",
      "f": 4542591660,
      "l": 4542591660,
      "T": 1706607168490,
      "m": false
    }
  },
  {
    "exchange": "binance",
    "instrument": "btcusdt",
    "insType": "perpetual",
    "obj": "trades",
    "btc_price": 43393.32,
    "timestamp": 1706607172.6262043,
    "data": {
      "e": "aggTrade",
      "E": 1706607169209,
      "a": 2003610563,
      "s": "BTCUSDT",
      "p": "43372.00",
      "q": "0.005",
      "f": 4542591662,
      "l": 4542591662,
      "T": 1706607169104,
      "m": false
    }
  },
  {
    "exchange": "binance",
    "instrument": "btcusdt",
    "insType": "perpetual",
    "obj": "trades",
    "btc_price": 43393.32,
    "timestamp": 1706607172.6298175,
    "data": {
      "e": "aggTrade",
      "E": 1706607170012,
      "a": 2003610565,
      "s": "BTCUSDT",
      "p": "43371.90",
      "q": "0.007",
      "f": 4542591664,
      "l": 4542591664,
      "T": 1706607169860,
      "m": true
    }
  },
  {
    "exchange": "binance",
    "instrument": "btcusdt",
    "insType": "perpetual",
    "obj": "trades",
    "btc_price": 43393.32,
    "timestamp": 1706607175.4055514,
    "data": {
      "e": "aggTrade",
      "E": 1706607170715,
      "a": 2003610567,
      "s": "BTCUSDT",
      "p": "43371.90",
      "q": "0.449",
      "f": 4542591666,
      "l": 4542591682,
      "T": 1706607170562,
      "m": true
    }
  },
  {
    "exchange": "binance",
    "instrument": "btcusdt",
    "insType": "perpetual",
    "obj": "trades",
    "btc_price": 43393.32,
    "timestamp": 1706607175.4100385,
    "data": {
      "e": "aggTrade",
      "E": 1706607171803,
      "a": 2003610569,
      "s": "BTCUSDT",
      "p": "43372.00",
      "q": "0.003",
      "f": 4542591684,
      "l": 4542591684,
      "T": 1706607171650,
      "m": false
    }
  },
  {
    "exchange": "binance",
    "instrument": "btcusdt",
    "insType": "perpetual",
    "obj": "trades",
    "btc_price": 43393.32,
    "timestamp": 1706607175.4161754,
    "data": {
      "e": "aggTrade",
      "E": 1706607172156,
      "a": 2003610571,
      "s": "BTCUSDT",
      "p": "43371.90",
      "q": "0.008",
      "f": 4542591686,
      "l": 4542591686,
      "T": 1706607172003,
      "m": true
    }
  },
  {
    "exchange": "binance",
    "instrument": "btcusdt",
    "insType": "perpetual",
    "obj": "trades",
    "btc_price": 43393.33,
    "timestamp": 1706607179.4984758,
    "data": {
      "e": "aggTrade",
      "E": 1706607172957,
      "a": 2003610573,
      "s": "BTCUSDT",
      "p": "43371.90",
      "q": "0.010",
      "f": 4542591690,
      "l": 4542591690,
      "T": 1706607172804,
      "m": true
    }
  },
  {
    "exchange": "binance",
    "instrument": "btcusdt",
    "insType": "perpetual",
    "obj": "trades",
    "btc_price": 43393.33,
    "timestamp": 1706607179.5017638,
    "data": {
      "e": "aggTrade",
      "E": 1706607174190,
      "a": 2003610575,
      "s": "BTCUSDT",
      "p": "43371.90",
      "q": "0.006",
      "f": 4542591692,
      "l": 4542591693,
      "T": 1706607174035,
      "m": true
    }
  },
  {
    "exchange": "binance",
    "instrument": "btcusdt",
    "insType": "perpetual",
    "obj": "trades",
    "btc_price": 43393.33,
    "timestamp": 1706607179.5051847,
    "data": {
      "e": "aggTrade",
      "E": 1706607175201,
      "a": 2003610577,
      "s": "BTCUSDT",
      "p": "43372.00",
      "q": "0.120",
      "f": 4542591700,
      "l": 4542591700,
      "T": 1706607175048,
      "m": false
    }
  },
  {
    "exchange": "binance",
    "instrument": "btcusdt",
    "insType": "perpetual",
    "obj": "trades",
    "btc_price": 43393.32,
    "timestamp": 1706607184.8896239,
    "data": {
      "e": "aggTrade",
      "E": 1706607175995,
      "a": 2003610579,
      "s": "BTCUSDT",
      "p": "43371.90",
      "q": "0.007",
      "f": 4542591702,
      "l": 4542591702,
      "T": 1706607175842,
      "m": true
    }
  },
  {
    "exchange": "binance",
    "instrument": "btcusdt",
    "insType": "perpetual",
    "obj": "trades",
    "btc_price": 43393.32,
    "timestamp": 1706607184.8933492,
    "data": {
      "e": "aggTrade",
      "E": 1706607176476,
      "a": 2003610581,
      "s": "BTCUSDT",
      "p": "43372.00",
      "q": "0.008",
      "f": 4542591705,
      "l": 4542591705,
      "T": 1706607176323,
      "m": false
    }
  },
  {
    "exchange": "binance",
    "instrument": "btcusdt",
    "insType": "perpetual",
    "obj": "trades",
    "btc_price": 43393.32,
    "timestamp": 1706607184.897485,
    "data": {
      "e": "aggTrade",
      "E": 1706607176905,
      "a": 2003610583,
      "s": "BTCUSDT",
      "p": "43371.90",
      "q": "0.012",
      "f": 4542591707,
      "l": 4542591707,
      "T": 1706607176793,
      "m": true
    }
  },
  {
    "exchange": "binance",
    "instrument": "btcusdt",
    "insType": "perpetual",
    "obj": "trades",
    "btc_price": 43393.32,
    "timestamp": 1706607184.901613,
    "data": {
      "e": "aggTrade",
      "E": 1706607177442,
      "a": 2003610585,
      "s": "BTCUSDT",
      "p": "43371.90",
      "q": "0.376",
      "f": 4542591709,
      "l": 4542591732,
      "T": 1706607177289,
      "m": true
    }
  },
  {
    "exchange": "binance",
    "instrument": "btcusdt",
    "insType": "perpetual",
    "obj": "trades",
    "btc_price": 43393.32,
    "timestamp": 1706607184.9057717,
    "data": {
      "e": "aggTrade",
      "E": 1706607177712,
      "a": 2003610587,
      "s": "BTCUSDT",
      "p": "43372.00",
      "q": "3.732",
      "f": 4542591734,
      "l": 4542591814,
      "T": 1706607177708,
      "m": false
    }
  },
  {
    "exchange": "binance",
    "instrument": "btcusdt",
    "insType": "perpetual",
    "obj": "trades",
    "btc_price": 43393.32,
    "timestamp": 1706607184.909443,
    "data": {
      "e": "aggTrade",
      "E": 1706607177786,
      "a": 2003610589,
      "s": "BTCUSDT",
      "p": "43372.90",
      "q": "0.003",
      "f": 4542591817,
      "l": 4542591817,
      "T": 1706607177784,
      "m": false
    }
  },
  {
    "exchange": "binance",
    "instrument": "btcusdt",
    "insType": "perpetual",
    "obj": "trades",
    "btc_price": 43393.32,
    "timestamp": 1706607184.9133153,
    "data": {
      "e": "aggTrade",
      "E": 1706607177786,
      "a": 2003610591,
      "s": "BTCUSDT",
      "p": "43373.80",
      "q": "0.003",
      "f": 4542591819,
      "l": 4542591819,
      "T": 1706607177784,
      "m": false
    }
  },
  {
    "exchange": "binance",
    "instrument": "btcusdt",
    "insType": "perpetual",
    "obj": "trades",
    "btc_price": 43393.32,
    "timestamp": 1706607184.9175599,
    "data": {
      "e": "aggTrade",
      "E": 1706607177786,
      "a": 2003610593,
      "s": "BTCUSDT",
      "p": "43374.20",
      "q": "0.010",
      "f": 4542591821,
      "l": 4542591822,
      "T": 1706607177784,
      "m": false
    }
  },
  {
    "exchange": "binance",
    "instrument": "btcusdt",
    "insType": "perpetual",
    "obj": "trades",
    "btc_price": 43393.32,
    "timestamp": 1706607184.9217374,
    "data": {
      "e": "aggTrade",
      "E": 1706607177786,
      "a": 2003610595,
      "s": "BTCUSDT",
      "p": "43374.40",
      "q": "0.005",
      "f": 4542591824,
      "l": 4542591824,
      "T": 1706607177784,
      "m": false
    }
  },
  {
    "exchange": "binance",
    "instrument": "btcusdt",
    "insType": "perpetual",
    "obj": "trades",
    "btc_price": 43393.32,
    "timestamp": 1706607184.9257202,
    "data": {
      "e": "aggTrade",
      "E": 1706607177786,
      "a": 2003610597,
      "s": "BTCUSDT",
      "p": "43374.80",
      "q": "0.005",
      "f": 4542591826,
      "l": 4542591826,
      "T": 1706607177784,
      "m": false
    }
  },
  {
    "exchange": "binance",
    "instrument": "btcusdt",
    "insType": "perpetual",
    "obj": "trades",
    "btc_price": 43393.32,
    "timestamp": 1706607184.929936,
    "data": {
      "e": "aggTrade",
      "E": 1706607177786,
      "a": 2003610599,
      "s": "BTCUSDT",
      "p": "43375.10",
      "q": "0.005",
      "f": 4542591830,
      "l": 4542591830,
      "T": 1706607177784,
      "m": false
    }
  },
  {
    "exchange": "binance",
    "instrument": "btcusdt",
    "insType": "perpetual",
    "obj": "trades",
    "btc_price": 43393.32,
    "timestamp": 1706607184.9344294,
    "data": {
      "e": "aggTrade",
      "E": 1706607177867,
      "a": 2003610601,
      "s": "BTCUSDT",
      "p": "43375.30",
      "q": "0.181",
      "f": 4542591832,
      "l": 4542591837,
      "T": 1706607177784,
      "m": false
    }
  },
  {
    "exchange": "binance",
    "instrument": "btcusdt",
    "insType": "perpetual",
    "obj": "trades",
    "btc_price": 43393.32,
    "timestamp": 1706607184.9384143,
    "data": {
      "e": "aggTrade",
      "E": 1706607178157,
      "a": 2003610603,
      "s": "BTCUSDT",
      "p": "43376.00",
      "q": "1.411",
      "f": 4542591843,
      "l": 4542591857,
      "T": 1706607178004,
      "m": true
    }
  },
  {
    "exchange": "binance",
    "instrument": "btcusdt",
    "insType": "perpetual",
    "obj": "trades",
    "btc_price": 43393.32,
    "timestamp": 1706607186.9135907,
    "data": {
      "e": "aggTrade",
      "E": 1706607179855,
      "a": 2003610605,
      "s": "BTCUSDT",
      "p": "43376.10",
      "q": "0.457",
      "f": 4542591859,
      "l": 4542591880,
      "T": 1706607179702,
      "m": false
    }
  },
  {
    "exchange": "binance",
    "instrument": "btcusdt",
    "insType": "perpetual",
    "obj": "trades",
    "btc_price": 43393.32,
    "timestamp": 1706607186.9179332,
    "data": {
      "e": "aggTrade",
      "E": 1706607180000,
      "a": 2003610607,
      "s": "BTCUSDT",
      "p": "43376.20",
      "q": "0.044",
      "f": 4542591953,
      "l": 4542591955,
      "T": 1706607179997,
      "m": false
    }
  },
  {
    "exchange": "binance",
    "instrument": "btcusdt",
    "insType": "perpetual",
    "obj": "trades",
    "btc_price": 43393.32,
    "timestamp": 1706607186.9225047,
    "data": {
      "e": "aggTrade",
      "E": 1706607180000,
      "a": 2003610609,
      "s": "BTCUSDT",
      "p": "43376.40",
      "q": "0.046",
      "f": 4542591959,
      "l": 4542591959,
      "T": 1706607179997,
      "m": false
    }
  },
  {
    "exchange": "binance",
    "instrument": "btcusdt",
    "insType": "perpetual",
    "obj": "trades",
    "btc_price": 43393.32,
    "timestamp": 1706607186.927011,
    "data": {
      "e": "aggTrade",
      "E": 1706607180000,
      "a": 2003610611,
      "s": "BTCUSDT",
      "p": "43376.70",
      "q": "0.009",
      "f": 4542591961,
      "l": 4542591961,
      "T": 1706607179997,
      "m": false
    }
  },
  {
    "exchange": "binance",
    "instrument": "btcusdt",
    "insType": "perpetual",
    "obj": "trades",
    "btc_price": 43393.32,
    "timestamp": 1706607186.9313836,
    "data": {
      "e": "aggTrade",
      "E": 1706607180000,
      "a": 2003610613,
      "s": "BTCUSDT",
      "p": "43377.10",
      "q": "0.005",
      "f": 4542591963,
      "l": 4542591963,
      "T": 1706607179997,
      "m": false
    }
  },
  {
    "exchange": "binance",
    "instrument": "btcusdt",
    "insType": "perpetual",
    "obj": "trades",
    "btc_price": 43393.32,
    "timestamp": 1706607186.9359982,
    "data": {
      "e": "aggTrade",
      "E": 1706607180000,
      "a": 2003610615,
      "s": "BTCUSDT",
      "p": "43377.40",
      "q": "0.003",
      "f": 4542591967,
      "l": 4542591967,
      "T": 1706607179997,
      "m": false
    }
  },
  {
    "exchange": "binance",
    "instrument": "btcusdt",
    "insType": "perpetual",
    "obj": "trades",
    "btc_price": 43393.32,
    "timestamp": 1706607186.9403152,
    "data": {
      "e": "aggTrade",
      "E": 1706607180000,
      "a": 2003610617,
      "s": "BTCUSDT",
      "p": "43377.90",
      "q": "0.038",
      "f": 4542591972,
      "l": 4542591973,
      "T": 1706607179997,
      "m": false
    }
  },
  {
    "exchange": "binance",
    "instrument": "btcusdt",
    "insType": "perpetual",
    "obj": "trades",
    "btc_price": 43393.32,
    "timestamp": 1706607186.9452825,
    "data": {
      "e": "aggTrade",
      "E": 1706607180000,
      "a": 2003610619,
      "s": "BTCUSDT",
      "p": "43378.10",
      "q": "0.005",
      "f": 4542591977,
      "l": 4542591977,
      "T": 1706607179997,
      "m": false
    }
  },
  {
    "exchange": "binance",
    "instrument": "btcusdt",
    "insType": "perpetual",
    "obj": "trades",
    "btc_price": 43393.32,
    "timestamp": 1706607186.9499364,
    "data": {
      "e": "aggTrade",
      "E": 1706607180000,
      "a": 2003610621,
      "s": "BTCUSDT",
      "p": "43378.30",
      "q": "0.113",
      "f": 4542591980,
      "l": 4542591981,
      "T": 1706607179997,
      "m": false
    }
  },
  {
    "exchange": "binance",
    "instrument": "btcusdt",
    "insType": "perpetual",
    "obj": "trades",
    "btc_price": 43393.32,
    "timestamp": 1706607186.9547675,
    "data": {
      "e": "aggTrade",
      "E": 1706607180001,
      "a": 2003610623,
      "s": "BTCUSDT",
      "p": "43378.50",
      "q": "0.008",
      "f": 4542591984,
      "l": 4542591985,
      "T": 1706607179997,
      "m": false
    }
  },
  {
    "exchange": "binance",
    "instrument": "btcusdt",
    "insType": "perpetual",
    "obj": "trades",
    "btc_price": 43393.32,
    "timestamp": 1706607186.9600859,
    "data": {
      "e": "aggTrade",
      "E": 1706607180001,
      "a": 2003610625,
      "s": "BTCUSDT",
      "p": "43378.90",
      "q": "0.005",
      "f": 4542591988,
      "l": 4542591988,
      "T": 1706607179997,
      "m": false
    }
  },
  {
    "exchange": "binance",
    "instrument": "btcusdt",
    "insType": "perpetual",
    "obj": "trades",
    "btc_price": 43393.32,
    "timestamp": 1706607186.9647193,
    "data": {
      "e": "aggTrade",
      "E": 1706607180001,
      "a": 2003610627,
      "s": "BTCUSDT",
      "p": "43379.40",
      "q": "0.051",
      "f": 4542591991,
      "l": 4542591991,
      "T": 1706607179997,
      "m": false
    }
  },
  {
    "exchange": "binance",
    "instrument": "btcusdt",
    "insType": "perpetual",
    "obj": "trades",
    "btc_price": 43393.32,
    "timestamp": 1706607186.9692478,
    "data": {
      "e": "aggTrade",
      "E": 1706607180001,
      "a": 2003610629,
      "s": "BTCUSDT",
      "p": "43379.60",
      "q": "0.437",
      "f": 4542591995,
      "l": 4542591999,
      "T": 1706607179997,
      "m": false
    }
  },
  {
    "exchange": "binance",
    "instrument": "btcusdt",
    "insType": "perpetual",
    "obj": "trades",
    "btc_price": 43393.32,
    "timestamp": 1706607186.9736834,
    "data": {
      "e": "aggTrade",
      "E": 1706607180001,
      "a": 2003610631,
      "s": "BTCUSDT",
      "p": "43379.90",
      "q": "0.003",
      "f": 4542592004,
      "l": 4542592004,
      "T": 1706607179997,
      "m": false
    }
  },
  {
    "exchange": "binance",
    "instrument": "btcusdt",
    "insType": "perpetual",
    "obj": "trades",
    "btc_price": 43393.32,
    "timestamp": 1706607186.9780777,
    "data": {
      "e": "aggTrade",
      "E": 1706607180001,
      "a": 2003610633,
      "s": "BTCUSDT",
      "p": "43380.10",
      "q": "0.003",
      "f": 4542592012,
      "l": 4542592012,
      "T": 1706607179997,
      "m": false
    }
  },
  {
    "exchange": "binance",
    "instrument": "btcusdt",
    "insType": "perpetual",
    "obj": "trades",
    "btc_price": 43393.32,
    "timestamp": 1706607186.981338,
    "data": {
      "e": "aggTrade",
      "E": 1706607180001,
      "a": 2003610635,
      "s": "BTCUSDT",
      "p": "43380.30",
      "q": "0.011",
      "f": 4542592014,
      "l": 4542592014,
      "T": 1706607179997,
      "m": false
    }
  },
  {
    "exchange": "binance",
    "instrument": "btcusdt",
    "insType": "perpetual",
    "obj": "trades",
    "btc_price": 43393.32,
    "timestamp": 1706607192.5988257,
    "data": {
      "e": "aggTrade",
      "E": 1706607180001,
      "a": 2003610637,
      "s": "BTCUSDT",
      "p": "43380.50",
      "q": "0.054",
      "f": 4542592016,
      "l": 4542592017,
      "T": 1706607179997,
      "m": false
    }
  },
  {
    "exchange": "binance",
    "instrument": "btcusdt",
    "insType": "perpetual",
    "obj": "trades",
    "btc_price": 43393.32,
    "timestamp": 1706607192.602287,
    "data": {
      "e": "aggTrade",
      "E": 1706607180001,
      "a": 2003610639,
      "s": "BTCUSDT",
      "p": "43380.90",
      "q": "0.288",
      "f": 4542592021,
      "l": 4542592021,
      "T": 1706607179997,
      "m": false
    }
  },
  {
    "exchange": "binance",
    "instrument": "btcusdt",
    "insType": "perpetual",
    "obj": "trades",
    "btc_price": 43393.32,
    "timestamp": 1706607192.6060894,
    "data": {
      "e": "aggTrade",
      "E": 1706607180001,
      "a": 2003610641,
      "s": "BTCUSDT",
      "p": "43381.10",
      "q": "0.682",
      "f": 4542592024,
      "l": 4542592028,
      "T": 1706607179997,
      "m": false
    }
  },
  {
    "exchange": "binance",
    "instrument": "btcusdt",
    "insType": "perpetual",
    "obj": "trades",
    "btc_price": 43393.32,
    "timestamp": 1706607192.6095464,
    "data": {
      "e": "aggTrade",
      "E": 1706607180001,
      "a": 2003610643,
      "s": "BTCUSDT",
      "p": "43381.30",
      "q": "0.114",
      "f": 4542592031,
      "l": 4542592031,
      "T": 1706607179997,
      "m": false
    }
  },
  {
    "exchange": "binance",
    "instrument": "btcusdt",
    "insType": "perpetual",
    "obj": "trades",
    "btc_price": 43393.32,
    "timestamp": 1706607192.6136355,
    "data": {
      "e": "aggTrade",
      "E": 1706607180001,
      "a": 2003610645,
      "s": "BTCUSDT",
      "p": "43381.50",
      "q": "1.565",
      "f": 4542592034,
      "l": 4542592037,
      "T": 1706607179997,
      "m": false
    }
  },
  {
    "exchange": "binance",
    "instrument": "btcusdt",
    "insType": "perpetual",
    "obj": "trades",
    "btc_price": 43393.32,
    "timestamp": 1706607192.6179307,
    "data": {
      "e": "aggTrade",
      "E": 1706607180001,
      "a": 2003610647,
      "s": "BTCUSDT",
      "p": "43381.70",
      "q": "0.796",
      "f": 4542592040,
      "l": 4542592042,
      "T": 1706607179997,
      "m": false
    }
  },
  {
    "exchange": "binance",
    "instrument": "btcusdt",
    "insType": "perpetual",
    "obj": "trades",
    "btc_price": 43393.32,
    "timestamp": 1706607192.621382,
    "data": {
      "e": "aggTrade",
      "E": 1706607180001,
      "a": 2003610649,
      "s": "BTCUSDT",
      "p": "43381.90",
      "q": "0.802",
      "f": 4542592048,
      "l": 4542592050,
      "T": 1706607179997,
      "m": false
    }
  },
  {
    "exchange": "binance",
    "instrument": "btcusdt",
    "insType": "perpetual",
    "obj": "trades",
    "btc_price": 43393.32,
    "timestamp": 1706607192.6247084,
    "data": {
      "e": "aggTrade",
      "E": 1706607180001,
      "a": 2003610651,
      "s": "BTCUSDT",
      "p": "43382.10",
      "q": "0.356",
      "f": 4542592055,
      "l": 4542592057,
      "T": 1706607179997,
      "m": false
    }
  },
  {
    "exchange": "binance",
    "instrument": "btcusdt",
    "insType": "perpetual",
    "obj": "trades",
    "btc_price": 43393.32,
    "timestamp": 1706607192.6277292,
    "data": {
      "e": "aggTrade",
      "E": 1706607180001,
      "a": 2003610653,
      "s": "BTCUSDT",
      "p": "43382.50",
      "q": "0.163",
      "f": 4542592061,
      "l": 4542592063,
      "T": 1706607179997,
      "m": false
    }
  },
  {
    "exchange": "binance",
    "instrument": "btcusdt",
    "insType": "perpetual",
    "obj": "trades",
    "btc_price": 43393.32,
    "timestamp": 1706607192.6313322,
    "data": {
      "e": "aggTrade",
      "E": 1706607180001,
      "a": 2003610655,
      "s": "BTCUSDT",
      "p": "43382.70",
      "q": "0.029",
      "f": 4542592068,
      "l": 4542592069,
      "T": 1706607179997,
      "m": false
    }
  },
  {
    "exchange": "binance",
    "instrument": "btcusdt",
    "insType": "perpetual",
    "obj": "trades",
    "btc_price": 43393.32,
    "timestamp": 1706607192.6356332,
    "data": {
      "e": "aggTrade",
      "E": 1706607180001,
      "a": 2003610657,
      "s": "BTCUSDT",
      "p": "43382.90",
      "q": "0.023",
      "f": 4542592075,
      "l": 4542592075,
      "T": 1706607179997,
      "m": false
    }
  },
  {
    "exchange": "binance",
    "instrument": "btcusdt",
    "insType": "perpetual",
    "obj": "trades",
    "btc_price": 43393.32,
    "timestamp": 1706607192.639922,
    "data": {
      "e": "aggTrade",
      "E": 1706607180001,
      "a": 2003610659,
      "s": "BTCUSDT",
      "p": "43383.10",
      "q": "1.106",
      "f": 4542592080,
      "l": 4542592080,
      "T": 1706607179997,
      "m": false
    }
  },
  {
    "exchange": "binance",
    "instrument": "btcusdt",
    "insType": "perpetual",
    "obj": "trades",
    "btc_price": 43393.32,
    "timestamp": 1706607192.6454608,
    "data": {
      "e": "aggTrade",
      "E": 1706607180001,
      "a": 2003610661,
      "s": "BTCUSDT",
      "p": "43383.30",
      "q": "0.040",
      "f": 4542592083,
      "l": 4542592085,
      "T": 1706607179997,
      "m": false
    }
  },
  {
    "exchange": "binance",
    "instrument": "btcusdt",
    "insType": "perpetual",
    "obj": "trades",
    "btc_price": 43393.32,
    "timestamp": 1706607192.6489928,
    "data": {
      "e": "aggTrade",
      "E": 1706607180001,
      "a": 2003610663,
      "s": "BTCUSDT",
      "p": "43383.60",
      "q": "0.642",
      "f": 4542592089,
      "l": 4542592090,
      "T": 1706607179997,
      "m": false
    }
  },
  {
    "exchange": "binance",
    "instrument": "btcusdt",
    "insType": "perpetual",
    "obj": "trades",
    "btc_price": 43393.32,
    "timestamp": 1706607192.6529977,
    "data": {
      "e": "aggTrade",
      "E": 1706607180001,
      "a": 2003610665,
      "s": "BTCUSDT",
      "p": "43384.00",
      "q": "0.657",
      "f": 4542592095,
      "l": 4542592103,
      "T": 1706607179997,
      "m": false
    }
  },
  {
    "exchange": "binance",
    "instrument": "btcusdt",
    "insType": "perpetual",
    "obj": "trades",
    "btc_price": 43393.32,
    "timestamp": 1706607192.6574464,
    "data": {
      "e": "aggTrade",
      "E": 1706607180001,
      "a": 2003610667,
      "s": "BTCUSDT",
      "p": "43384.20",
      "q": "0.023",
      "f": 4542592110,
      "l": 4542592110,
      "T": 1706607179998,
      "m": false
    }
  },
  {
    "exchange": "binance",
    "instrument": "btcusdt",
    "insType": "perpetual",
    "obj": "trades",
    "btc_price": 43395.35,
    "timestamp": 1706607198.0368845,
    "data": {
      "e": "aggTrade",
      "E": 1706607180001,
      "a": 2003610669,
      "s": "BTCUSDT",
      "p": "43384.40",
      "q": "0.517",
      "f": 4542592113,
      "l": 4542592115,
      "T": 1706607179998,
      "m": false
    }
  },
  {
    "exchange": "binance",
    "instrument": "btcusdt",
    "insType": "perpetual",
    "obj": "trades",
    "btc_price": 43395.35,
    "timestamp": 1706607198.0403373,
    "data": {
      "e": "aggTrade",
      "E": 1706607180001,
      "a": 2003610671,
      "s": "BTCUSDT",
      "p": "43384.60",
      "q": "0.028",
      "f": 4542592118,
      "l": 4542592118,
      "T": 1706607179998,
      "m": false
    }
  },
  {
    "exchange": "binance",
    "instrument": "btcusdt",
    "insType": "perpetual",
    "obj": "trades",
    "btc_price": 43395.35,
    "timestamp": 1706607198.0438864,
    "data": {
      "e": "aggTrade",
      "E": 1706607180002,
      "a": 2003610673,
      "s": "BTCUSDT",
      "p": "43385.00",
      "q": "0.044",
      "f": 4542592122,
      "l": 4542592126,
      "T": 1706607179998,
      "m": false
    }
  },
  {
    "exchange": "binance",
    "instrument": "btcusdt",
    "insType": "perpetual",
    "obj": "trades",
    "btc_price": 43395.35,
    "timestamp": 1706607198.0473127,
    "data": {
      "e": "aggTrade",
      "E": 1706607180002,
      "a": 2003610675,
      "s": "BTCUSDT",
      "p": "43385.20",
      "q": "0.009",
      "f": 4542592132,
      "l": 4542592134,
      "T": 1706607179998,
      "m": false
    }
  },
  {
    "exchange": "binance",
    "instrument": "btcusdt",
    "insType": "perpetual",
    "obj": "trades",
    "btc_price": 43395.35,
    "timestamp": 1706607198.050627,
    "data": {
      "e": "aggTrade",
      "E": 1706607180002,
      "a": 2003610677,
      "s": "BTCUSDT",
      "p": "43385.40",
      "q": "0.174",
      "f": 4542592138,
      "l": 4542592143,
      "T": 1706607179998,
      "m": false
    }
  },
  {
    "exchange": "binance",
    "instrument": "btcusdt",
    "insType": "perpetual",
    "obj": "trades",
    "btc_price": 43395.35,
    "timestamp": 1706607198.0539224,
    "data": {
      "e": "aggTrade",
      "E": 1706607180002,
      "a": 2003610679,
      "s": "BTCUSDT",
      "p": "43385.60",
      "q": "0.100",
      "f": 4542592148,
      "l": 4542592151,
      "T": 1706607179998,
      "m": false
    }
  },
  {
    "exchange": "binance",
    "instrument": "btcusdt",
    "insType": "perpetual",
    "obj": "trades",
    "btc_price": 43395.35,
    "timestamp": 1706607198.0572631,
    "data": {
      "e": "aggTrade",
      "E": 1706607180002,
      "a": 2003610681,
      "s": "BTCUSDT",
      "p": "43385.80",
      "q": "0.011",
      "f": 4542592154,
      "l": 4542592154,
      "T": 1706607179998,
      "m": false
    }
  },
  {
    "exchange": "binance",
    "instrument": "btcusdt",
    "insType": "perpetual",
    "obj": "trades",
    "btc_price": 43395.35,
    "timestamp": 1706607198.0606563,
    "data": {
      "e": "aggTrade",
      "E": 1706607180002,
      "a": 2003610683,
      "s": "BTCUSDT",
      "p": "43386.00",
      "q": "0.016",
      "f": 4542592156,
      "l": 4542592158,
      "T": 1706607179998,
      "m": false
    }
  },
  {
    "exchange": "binance",
    "instrument": "btcusdt",
    "insType": "perpetual",
    "obj": "trades",
    "btc_price": 43395.35,
    "timestamp": 1706607198.064149,
    "data": {
      "e": "aggTrade",
      "E": 1706607180002,
      "a": 2003610685,
      "s": "BTCUSDT",
      "p": "43386.30",
      "q": "1.383",
      "f": 4542592164,
      "l": 4542592164,
      "T": 1706607179998,
      "m": false
    }
  },
  {
    "exchange": "binance",
    "instrument": "btcusdt",
    "insType": "perpetual",
    "obj": "trades",
    "btc_price": 43395.35,
    "timestamp": 1706607198.0675592,
    "data": {
      "e": "aggTrade",
      "E": 1706607180002,
      "a": 2003610687,
      "s": "BTCUSDT",
      "p": "43386.50",
      "q": "0.006",
      "f": 4542592166,
      "l": 4542592167,
      "T": 1706607179998,
      "m": false
    }
  },
  {
    "exchange": "binance",
    "instrument": "btcusdt",
    "insType": "perpetual",
    "obj": "trades",
    "btc_price": 43395.35,
    "timestamp": 1706607198.0707972,
    "data": {
      "e": "aggTrade",
      "E": 1706607180002,
      "a": 2003610689,
      "s": "BTCUSDT",
      "p": "43386.80",
      "q": "0.115",
      "f": 4542592173,
      "l": 4542592173,
      "T": 1706607179998,
      "m": false
    }
  },
  {
    "exchange": "binance",
    "instrument": "btcusdt",
    "insType": "perpetual",
    "obj": "trades",
    "btc_price": 43395.35,
    "timestamp": 1706607198.0742886,
    "data": {
      "e": "aggTrade",
      "E": 1706607180002,
      "a": 2003610691,
      "s": "BTCUSDT",
      "p": "43387.00",
      "q": "0.780",
      "f": 4542592177,
      "l": 4542592181,
      "T": 1706607179998,
      "m": false
    }
  },
  {
    "exchange": "binance",
    "instrument": "btcusdt",
    "insType": "perpetual",
    "obj": "trades",
    "btc_price": 43395.35,
    "timestamp": 1706607198.0780802,
    "data": {
      "e": "aggTrade",
      "E": 1706607180002,
      "a": 2003610693,
      "s": "BTCUSDT",
      "p": "43387.30",
      "q": "0.206",
      "f": 4542592183,
      "l": 4542592185,
      "T": 1706607179998,
      "m": false
    }
  },
  {
    "exchange": "binance",
    "instrument": "btcusdt",
    "insType": "perpetual",
    "obj": "trades",
    "btc_price": 43395.35,
    "timestamp": 1706607198.082672,
    "data": {
      "e": "aggTrade",
      "E": 1706607180002,
      "a": 2003610695,
      "s": "BTCUSDT",
      "p": "43387.50",
      "q": "0.018",
      "f": 4542592190,
      "l": 4542592191,
      "T": 1706607179998,
      "m": false
    }
  },
  {
    "exchange": "binance",
    "instrument": "btcusdt",
    "insType": "perpetual",
    "obj": "trades",
    "btc_price": 43395.35,
    "timestamp": 1706607198.0864294,
    "data": {
      "e": "aggTrade",
      "E": 1706607180002,
      "a": 2003610697,
      "s": "BTCUSDT",
      "p": "43387.70",
      "q": "0.465",
      "f": 4542592196,
      "l": 4542592201,
      "T": 1706607179998,
      "m": false
    }
  },
  {
    "exchange": "binance",
    "instrument": "btcusdt",
    "insType": "perpetual",
    "obj": "trades",
    "btc_price": 43395.35,
    "timestamp": 1706607198.0923784,
    "data": {
      "e": "aggTrade",
      "E": 1706607180002,
      "a": 2003610699,
      "s": "BTCUSDT",
      "p": "43388.00",
      "q": "0.021",
      "f": 4542592203,
      "l": 4542592205,
      "T": 1706607179998,
      "m": false
    }
  },
  {
    "exchange": "binance",
    "instrument": "btcusdt",
    "insType": "perpetual",
    "obj": "trades",
    "btc_price": 43397.27,
    "timestamp": 1706607203.4328678,
    "data": {
      "e": "aggTrade",
      "E": 1706607180002,
      "a": 2003610701,
      "s": "BTCUSDT",
      "p": "43388.20",
      "q": "0.005",
      "f": 4542592208,
      "l": 4542592208,
      "T": 1706607179998,
      "m": false
    }
  },
  {
    "exchange": "binance",
    "instrument": "btcusdt",
    "insType": "perpetual",
    "obj": "trades",
    "btc_price": 43397.27,
    "timestamp": 1706607203.4368944,
    "data": {
      "e": "aggTrade",
      "E": 1706607180002,
      "a": 2003610703,
      "s": "BTCUSDT",
      "p": "43388.40",
      "q": "0.316",
      "f": 4542592211,
      "l": 4542592212,
      "T": 1706607179998,
      "m": false
    }
  },
  {
    "exchange": "binance",
    "instrument": "btcusdt",
    "insType": "perpetual",
    "obj": "trades",
    "btc_price": 43397.27,
    "timestamp": 1706607203.440469,
    "data": {
      "e": "aggTrade",
      "E": 1706607180002,
      "a": 2003610705,
      "s": "BTCUSDT",
      "p": "43388.60",
      "q": "0.005",
      "f": 4542592217,
      "l": 4542592217,
      "T": 1706607179998,
      "m": false
    }
  },
  {
    "exchange": "binance",
    "instrument": "btcusdt",
    "insType": "perpetual",
    "obj": "trades",
    "btc_price": 43397.27,
    "timestamp": 1706607203.4439304,
    "data": {
      "e": "aggTrade",
      "E": 1706607180002,
      "a": 2003610707,
      "s": "BTCUSDT",
      "p": "43388.80",
      "q": "0.047",
      "f": 4542592220,
      "l": 4542592220,
      "T": 1706607179998,
      "m": false
    }
  },
  {
    "exchange": "binance",
    "instrument": "btcusdt",
    "insType": "perpetual",
    "obj": "trades",
    "btc_price": 43397.27,
    "timestamp": 1706607203.4474776,
    "data": {
      "e": "aggTrade",
      "E": 1706607180002,
      "a": 2003610709,
      "s": "BTCUSDT",
      "p": "43389.00",
      "q": "1.399",
      "f": 4542592226,
      "l": 4542592229,
      "T": 1706607179998,
      "m": false
    }
  },
  {
    "exchange": "binance",
    "instrument": "btcusdt",
    "insType": "perpetual",
    "obj": "trades",
    "btc_price": 43397.27,
    "timestamp": 1706607203.4509652,
    "data": {
      "e": "aggTrade",
      "E": 1706607180002,
      "a": 2003610711,
      "s": "BTCUSDT",
      "p": "43389.20",
      "q": "0.054",
      "f": 4542592238,
      "l": 4542592240,
      "T": 1706607179998,
      "m": false
    }
  },
  {
    "exchange": "binance",
    "instrument": "btcusdt",
    "insType": "perpetual",
    "obj": "trades",
    "btc_price": 43397.27,
    "timestamp": 1706607203.4544692,
    "data": {
      "e": "aggTrade",
      "E": 1706607180002,
      "a": 2003610713,
      "s": "BTCUSDT",
      "p": "43389.40",
      "q": "0.027",
      "f": 4542592243,
      "l": 4542592244,
      "T": 1706607179998,
      "m": false
    }
  },
  {
    "exchange": "binance",
    "instrument": "btcusdt",
    "insType": "perpetual",
    "obj": "trades",
    "btc_price": 43397.27,
    "timestamp": 1706607203.4579892,
    "data": {
      "e": "aggTrade",
      "E": 1706607180002,
      "a": 2003610715,
      "s": "BTCUSDT",
      "p": "43389.60",
      "q": "0.008",
      "f": 4542592246,
      "l": 4542592247,
      "T": 1706607179998,
      "m": false
    }
  },
  {
    "exchange": "binance",
    "instrument": "btcusdt",
    "insType": "perpetual",
    "obj": "trades",
    "btc_price": 43397.27,
    "timestamp": 1706607203.4616866,
    "data": {
      "e": "aggTrade",
      "E": 1706607180002,
      "a": 2003610717,
      "s": "BTCUSDT",
      "p": "43389.80",
      "q": "0.003",
      "f": 4542592249,
      "l": 4542592249,
      "T": 1706607179998,
      "m": false
    }
  },
  {
    "exchange": "binance",
    "instrument": "btcusdt",
    "insType": "perpetual",
    "obj": "trades",
    "btc_price": 43397.27,
    "timestamp": 1706607203.4652627,
    "data": {
      "e": "aggTrade",
      "E": 1706607180002,
      "a": 2003610719,
      "s": "BTCUSDT",
      "p": "43390.00",
      "q": "1.326",
      "f": 4542592251,
      "l": 4542592260,
      "T": 1706607179998,
      "m": false
    }
  },
  {
    "exchange": "binance",
    "instrument": "btcusdt",
    "insType": "perpetual",
    "obj": "trades",
    "btc_price": 43397.27,
    "timestamp": 1706607203.4688795,
    "data": {
      "e": "aggTrade",
      "E": 1706607180002,
      "a": 2003610721,
      "s": "BTCUSDT",
      "p": "43390.20",
      "q": "1.386",
      "f": 4542592264,
      "l": 4542592265,
      "T": 1706607179998,
      "m": false
    }
  },
  {
    "exchange": "binance",
    "instrument": "btcusdt",
    "insType": "perpetual",
    "obj": "trades",
    "btc_price": 43397.27,
    "timestamp": 1706607203.4724624,
    "data": {
      "e": "aggTrade",
      "E": 1706607180002,
      "a": 2003610723,
      "s": "BTCUSDT",
      "p": "43390.40",
      "q": "0.058",
      "f": 4542592269,
      "l": 4542592270,
      "T": 1706607179998,
      "m": false
    }
  },
  {
    "exchange": "binance",
    "instrument": "btcusdt",
    "insType": "perpetual",
    "obj": "trades",
    "btc_price": 43397.27,
    "timestamp": 1706607203.476133,
    "data": {
      "e": "aggTrade",
      "E": 1706607180002,
      "a": 2003610725,
      "s": "BTCUSDT",
      "p": "43390.60",
      "q": "0.006",
      "f": 4542592278,
      "l": 4542592279,
      "T": 1706607179998,
      "m": false
    }
  },
  {
    "exchange": "binance",
    "instrument": "btcusdt",
    "insType": "perpetual",
    "obj": "trades",
    "btc_price": 43397.27,
    "timestamp": 1706607203.4798295,
    "data": {
      "e": "aggTrade",
      "E": 1706607180002,
      "a": 2003610727,
      "s": "BTCUSDT",
      "p": "43390.80",
      "q": "0.080",
      "f": 4542592284,
      "l": 4542592284,
      "T": 1706607179998,
      "m": false
    }
  },
  {
    "exchange": "binance",
    "instrument": "btcusdt",
    "insType": "perpetual",
    "obj": "trades",
    "btc_price": 43397.27,
    "timestamp": 1706607203.4837432,
    "data": {
      "e": "aggTrade",
      "E": 1706607180002,
      "a": 2003610729,
      "s": "BTCUSDT",
      "p": "43391.00",
      "q": "1.013",
      "f": 4542592289,
      "l": 4542592291,
      "T": 1706607179998,
      "m": false
    }
  },
  {
    "exchange": "binance",
    "instrument": "btcusdt",
    "insType": "perpetual",
    "obj": "trades",
    "btc_price": 43397.27,
    "timestamp": 1706607203.4900146,
    "data": {
      "e": "aggTrade",
      "E": 1706607180003,
      "a": 2003610731,
      "s": "BTCUSDT",
      "p": "43391.30",
      "q": "0.753",
      "f": 4542592294,
      "l": 4542592296,
      "T": 1706607179998,
      "m": false
    }
  },
  {
    "exchange": "binance",
    "instrument": "btcusdt",
    "insType": "perpetual",
    "obj": "trades",
    "btc_price": 43400.0,
    "timestamp": 1706607208.710178,
    "data": {
      "e": "aggTrade",
      "E": 1706607180003,
      "a": 2003610733,
      "s": "BTCUSDT",
      "p": "43391.50",
      "q": "0.575",
      "f": 4542592300,
      "l": 4542592301,
      "T": 1706607179998,
      "m": false
    }
  },
  {
    "exchange": "binance",
    "instrument": "btcusdt",
    "insType": "perpetual",
    "obj": "trades",
    "btc_price": 43400.0,
    "timestamp": 1706607208.7147343,
    "data": {
      "e": "aggTrade",
      "E": 1706607180003,
      "a": 2003610735,
      "s": "BTCUSDT",
      "p": "43391.70",
      "q": "0.050",
      "f": 4542592303,
      "l": 4542592304,
      "T": 1706607179998,
      "m": false
    }
  },
  {
    "exchange": "binance",
    "instrument": "btcusdt",
    "insType": "perpetual",
    "obj": "trades",
    "btc_price": 43400.0,
    "timestamp": 1706607208.7190554,
    "data": {
      "e": "aggTrade",
      "E": 1706607180003,
      "a": 2003610737,
      "s": "BTCUSDT",
      "p": "43391.90",
      "q": "0.074",
      "f": 4542592306,
      "l": 4542592307,
      "T": 1706607179998,
      "m": false
    }
  },
  {
    "exchange": "binance",
    "instrument": "btcusdt",
    "insType": "perpetual",
    "obj": "trades",
    "btc_price": 43400.0,
    "timestamp": 1706607208.7233343,
    "data": {
      "e": "aggTrade",
      "E": 1706607180003,
      "a": 2003610739,
      "s": "BTCUSDT",
      "p": "43392.10",
      "q": "0.507",
      "f": 4542592312,
      "l": 4542592314,
      "T": 1706607179998,
      "m": false
    }
  },
  {
    "exchange": "binance",
    "instrument": "btcusdt",
    "insType": "perpetual",
    "obj": "trades",
    "btc_price": 43400.0,
    "timestamp": 1706607208.7275617,
    "data": {
      "e": "aggTrade",
      "E": 1706607180003,
      "a": 2003610741,
      "s": "BTCUSDT",
      "p": "43392.30",
      "q": "0.409",
      "f": 4542592316,
      "l": 4542592320,
      "T": 1706607179998,
      "m": false
    }
  },
  {
    "exchange": "binance",
    "instrument": "btcusdt",
    "insType": "perpetual",
    "obj": "trades",
    "btc_price": 43400.0,
    "timestamp": 1706607208.7315855,
    "data": {
      "e": "aggTrade",
      "E": 1706607180003,
      "a": 2003610743,
      "s": "BTCUSDT",
      "p": "43392.50",
      "q": "0.029",
      "f": 4542592323,
      "l": 4542592325,
      "T": 1706607179998,
      "m": false
    }
  },
  {
    "exchange": "binance",
    "instrument": "btcusdt",
    "insType": "perpetual",
    "obj": "trades",
    "btc_price": 43400.0,
    "timestamp": 1706607208.7356079,
    "data": {
      "e": "aggTrade",
      "E": 1706607180003,
      "a": 2003610745,
      "s": "BTCUSDT",
      "p": "43392.70",
      "q": "0.009",
      "f": 4542592328,
      "l": 4542592328,
      "T": 1706607179998,
      "m": false
    }
  },
  {
    "exchange": "binance",
    "instrument": "btcusdt",
    "insType": "perpetual",
    "obj": "trades",
    "btc_price": 43400.0,
    "timestamp": 1706607208.7404168,
    "data": {
      "e": "aggTrade",
      "E": 1706607180003,
      "a": 2003610747,
      "s": "BTCUSDT",
      "p": "43393.00",
      "q": "0.077",
      "f": 4542592333,
      "l": 4542592337,
      "T": 1706607179998,
      "m": false
    }
  },
  {
    "exchange": "binance",
    "instrument": "btcusdt",
    "insType": "perpetual",
    "obj": "trades",
    "btc_price": 43400.0,
    "timestamp": 1706607208.745228,
    "data": {
      "e": "aggTrade",
      "E": 1706607180003,
      "a": 2003610749,
      "s": "BTCUSDT",
      "p": "43393.30",
      "q": "0.080",
      "f": 4542592339,
      "l": 4542592339,
      "T": 1706607179998,
      "m": false
    }
  },
  {
    "exchange": "binance",
    "instrument": "btcusdt",
    "insType": "perpetual",
    "obj": "trades",
    "btc_price": 43400.0,
    "timestamp": 1706607208.7492094,
    "data": {
      "e": "aggTrade",
      "E": 1706607180003,
      "a": 2003610751,
      "s": "BTCUSDT",
      "p": "43393.50",
      "q": "1.452",
      "f": 4542592343,
      "l": 4542592346,
      "T": 1706607179998,
      "m": false
    }
  },
  {
    "exchange": "binance",
    "instrument": "btcusdt",
    "insType": "perpetual",
    "obj": "trades",
    "btc_price": 43400.0,
    "timestamp": 1706607208.755044,
    "data": {
      "e": "aggTrade",
      "E": 1706607180003,
      "a": 2003610753,
      "s": "BTCUSDT",
      "p": "43393.70",
      "q": "0.054",
      "f": 4542592350,
      "l": 4542592351,
      "T": 1706607179998,
      "m": false
    }
  },
  {
    "exchange": "binance",
    "instrument": "btcusdt",
    "insType": "perpetual",
    "obj": "trades",
    "btc_price": 43400.0,
    "timestamp": 1706607208.7590563,
    "data": {
      "e": "aggTrade",
      "E": 1706607180003,
      "a": 2003610755,
      "s": "BTCUSDT",
      "p": "43393.90",
      "q": "0.391",
      "f": 4542592353,
      "l": 4542592359,
      "T": 1706607179998,
      "m": false
    }
  },
  {
    "exchange": "binance",
    "instrument": "btcusdt",
    "insType": "perpetual",
    "obj": "trades",
    "btc_price": 43400.0,
    "timestamp": 1706607208.7665474,
    "data": {
      "e": "aggTrade",
      "E": 1706607180003,
      "a": 2003610757,
      "s": "BTCUSDT",
      "p": "43394.10",
      "q": "1.411",
      "f": 4542592364,
      "l": 4542592368,
      "T": 1706607179998,
      "m": false
    }
  },
  {
    "exchange": "binance",
    "instrument": "btcusdt",
    "insType": "perpetual",
    "obj": "trades",
    "btc_price": 43400.0,
    "timestamp": 1706607208.7709954,
    "data": {
      "e": "aggTrade",
      "E": 1706607180003,
      "a": 2003610759,
      "s": "BTCUSDT",
      "p": "43394.30",
      "q": "1.383",
      "f": 4542592370,
      "l": 4542592370,
      "T": 1706607179998,
      "m": false
    }
  },
  {
    "exchange": "binance",
    "instrument": "btcusdt",
    "insType": "perpetual",
    "obj": "trades",
    "btc_price": 43400.0,
    "timestamp": 1706607208.775486,
    "data": {
      "e": "aggTrade",
      "E": 1706607180003,
      "a": 2003610761,
      "s": "BTCUSDT",
      "p": "43394.50",
      "q": "0.063",
      "f": 4542592374,
      "l": 4542592376,
      "T": 1706607179998,
      "m": false
    }
  },
  {
    "exchange": "binance",
    "instrument": "btcusdt",
    "insType": "perpetual",
    "obj": "trades",
    "btc_price": 43400.0,
    "timestamp": 1706607208.7818947,
    "data": {
      "e": "aggTrade",
      "E": 1706607180003,
      "a": 2003610763,
      "s": "BTCUSDT",
      "p": "43394.70",
      "q": "1.575",
      "f": 4542592382,
      "l": 4542592384,
      "T": 1706607179998,
      "m": false
    }
  },
  {
    "exchange": "binance",
    "instrument": "btcusdt",
    "insType": "perpetual",
    "obj": "trades",
    "btc_price": 43404.18,
    "timestamp": 1706607214.233578,
    "data": {
      "e": "aggTrade",
      "E": 1706607180003,
      "a": 2003610765,
      "s": "BTCUSDT",
      "p": "43394.90",
      "q": "1.782",
      "f": 4542592387,
      "l": 4542592388,
      "T": 1706607179998,
      "m": false
    }
  },
  {
    "exchange": "binance",
    "instrument": "btcusdt",
    "insType": "perpetual",
    "obj": "trades",
    "btc_price": 43404.18,
    "timestamp": 1706607214.2408867,
    "data": {
      "e": "aggTrade",
      "E": 1706607180003,
      "a": 2003610767,
      "s": "BTCUSDT",
      "p": "43395.20",
      "q": "3.016",
      "f": 4542592393,
      "l": 4542592393,
      "T": 1706607179998,
      "m": false
    }
  },
  {
    "exchange": "binance",
    "instrument": "btcusdt",
    "insType": "perpetual",
    "obj": "trades",
    "btc_price": 43404.18,
    "timestamp": 1706607214.2471807,
    "data": {
      "e": "aggTrade",
      "E": 1706607180004,
      "a": 2003610769,
      "s": "BTCUSDT",
      "p": "43395.50",
      "q": "0.014",
      "f": 4542592396,
      "l": 4542592397,
      "T": 1706607179998,
      "m": false
    }
  },
  {
    "exchange": "binance",
    "instrument": "btcusdt",
    "insType": "perpetual",
    "obj": "trades",
    "btc_price": 43404.18,
    "timestamp": 1706607214.2519777,
    "data": {
      "e": "aggTrade",
      "E": 1706607180004,
      "a": 2003610771,
      "s": "BTCUSDT",
      "p": "43395.70",
      "q": "9.453",
      "f": 4542592403,
      "l": 4542592404,
      "T": 1706607179998,
      "m": false
    }
  },
  {
    "exchange": "binance",
    "instrument": "btcusdt",
    "insType": "perpetual",
    "obj": "trades",
    "btc_price": 43404.18,
    "timestamp": 1706607214.2569993,
    "data": {
      "e": "aggTrade",
      "E": 1706607180004,
      "a": 2003610773,
      "s": "BTCUSDT",
      "p": "43395.90",
      "q": "0.004",
      "f": 4542592410,
      "l": 4542592410,
      "T": 1706607179998,
      "m": false
    }
  },
  {
    "exchange": "binance",
    "instrument": "btcusdt",
    "insType": "perpetual",
    "obj": "trades",
    "btc_price": 43404.18,
    "timestamp": 1706607214.2624047,
    "data": {
      "e": "aggTrade",
      "E": 1706607180004,
      "a": 2003610775,
      "s": "BTCUSDT",
      "p": "43396.10",
      "q": "0.003",
      "f": 4542592412,
      "l": 4542592412,
      "T": 1706607179998,
      "m": false
    }
  },
  {
    "exchange": "binance",
    "instrument": "btcusdt",
    "insType": "perpetual",
    "obj": "trades",
    "btc_price": 43404.18,
    "timestamp": 1706607214.267543,
    "data": {
      "e": "aggTrade",
      "E": 1706607180004,
      "a": 2003610777,
      "s": "BTCUSDT",
      "p": "43396.40",
      "q": "0.088",
      "f": 4542592415,
      "l": 4542592415,
      "T": 1706607179998,
      "m": false
    }
  },
  {
    "exchange": "binance",
    "instrument": "btcusdt",
    "insType": "perpetual",
    "obj": "trades",
    "btc_price": 43404.18,
    "timestamp": 1706607214.2720947,
    "data": {
      "e": "aggTrade",
      "E": 1706607180004,
      "a": 2003610779,
      "s": "BTCUSDT",
      "p": "43396.60",
      "q": "0.366",
      "f": 4542592419,
      "l": 4542592420,
      "T": 1706607179998,
      "m": false
    }
  },
  {
    "exchange": "binance",
    "instrument": "btcusdt",
    "insType": "perpetual",
    "obj": "trades",
    "btc_price": 43404.18,
    "timestamp": 1706607214.2772634,
    "data": {
      "e": "aggTrade",
      "E": 1706607180004,
      "a": 2003610781,
      "s": "BTCUSDT",
      "p": "43396.80",
      "q": "0.408",
      "f": 4542592424,
      "l": 4542592426,
      "T": 1706607179998,
      "m": false
    }
  },
  {
    "exchange": "binance",
    "instrument": "btcusdt",
    "insType": "perpetual",
    "obj": "trades",
    "btc_price": 43404.18,
    "timestamp": 1706607214.2850626,
    "data": {
      "e": "aggTrade",
      "E": 1706607180004,
      "a": 2003610783,
      "s": "BTCUSDT",
      "p": "43397.00",
      "q": "0.062",
      "f": 4542592430,
      "l": 4542592432,
      "T": 1706607179998,
      "m": false
    }
  },
  {
    "exchange": "binance",
    "instrument": "btcusdt",
    "insType": "perpetual",
    "obj": "trades",
    "btc_price": 43404.18,
    "timestamp": 1706607214.2914913,
    "data": {
      "e": "aggTrade",
      "E": 1706607180004,
      "a": 2003610785,
      "s": "BTCUSDT",
      "p": "43397.20",
      "q": "0.312",
      "f": 4542592435,
      "l": 4542592438,
      "T": 1706607179998,
      "m": false
    }
  },
  {
    "exchange": "binance",
    "instrument": "btcusdt",
    "insType": "perpetual",
    "obj": "trades",
    "btc_price": 43404.18,
    "timestamp": 1706607214.297871,
    "data": {
      "e": "aggTrade",
      "E": 1706607180004,
      "a": 2003610787,
      "s": "BTCUSDT",
      "p": "43397.40",
      "q": "0.047",
      "f": 4542592440,
      "l": 4542592440,
      "T": 1706607179998,
      "m": false
    }
  },
  {
    "exchange": "binance",
    "instrument": "btcusdt",
    "insType": "perpetual",
    "obj": "trades",
    "btc_price": 43404.18,
    "timestamp": 1706607214.304333,
    "data": {
      "e": "aggTrade",
      "E": 1706607180004,
      "a": 2003610789,
      "s": "BTCUSDT",
      "p": "43397.60",
      "q": "0.166",
      "f": 4542592445,
      "l": 4542592447,
      "T": 1706607179998,
      "m": false
    }
  },
  {
    "exchange": "binance",
    "instrument": "btcusdt",
    "insType": "perpetual",
    "obj": "trades",
    "btc_price": 43404.18,
    "timestamp": 1706607214.3112633,
    "data": {
      "e": "aggTrade",
      "E": 1706607180004,
      "a": 2003610791,
      "s": "BTCUSDT",
      "p": "43397.90",
      "q": "0.047",
      "f": 4542592454,
      "l": 4542592454,
      "T": 1706607179998,
      "m": false
    }
  },
  {
    "exchange": "binance",
    "instrument": "btcusdt",
    "insType": "perpetual",
    "obj": "trades",
    "btc_price": 43404.18,
    "timestamp": 1706607214.3172417,
    "data": {
      "e": "aggTrade",
      "E": 1706607180004,
      "a": 2003610793,
      "s": "BTCUSDT",
      "p": "43398.20",
      "q": "1.433",
      "f": 4542592456,
      "l": 4542592458,
      "T": 1706607179998,
      "m": false
    }
  },
  {
    "exchange": "binance",
    "instrument": "btcusdt",
    "insType": "perpetual",
    "obj": "trades",
    "btc_price": 43404.18,
    "timestamp": 1706607214.323309,
    "data": {
      "e": "aggTrade",
      "E": 1706607180004,
      "a": 2003610795,
      "s": "BTCUSDT",
      "p": "43398.40",
      "q": "0.714",
      "f": 4542592461,
      "l": 4542592464,
      "T": 1706607179998,
      "m": false
    }
  },
  {
    "exchange": "binance",
    "instrument": "btcusdt",
    "insType": "perpetual",
    "obj": "trades",
    "btc_price": 43407.75,
    "timestamp": 1706607220.3287497,
    "data": {
      "e": "aggTrade",
      "E": 1706607180004,
      "a": 2003610797,
      "s": "BTCUSDT",
      "p": "43398.60",
      "q": "0.033",
      "f": 4542592466,
      "l": 4542592467,
      "T": 1706607179999,
      "m": false
    }
  },
  {
    "exchange": "binance",
    "instrument": "btcusdt",
    "insType": "perpetual",
    "obj": "trades",
    "btc_price": 43407.75,
    "timestamp": 1706607220.3343706,
    "data": {
      "e": "aggTrade",
      "E": 1706607180004,
      "a": 2003610799,
      "s": "BTCUSDT",
      "p": "43398.80",
      "q": "0.148",
      "f": 4542592471,
      "l": 4542592472,
      "T": 1706607179999,
      "m": false
    }
  },
  {
    "exchange": "binance",
    "instrument": "btcusdt",
    "insType": "perpetual",
    "obj": "trades",
    "btc_price": 43407.75,
    "timestamp": 1706607220.3397353,
    "data": {
      "e": "aggTrade",
      "E": 1706607180004,
      "a": 2003610801,
      "s": "BTCUSDT",
      "p": "43399.00",
      "q": "0.058",
      "f": 4542592476,
      "l": 4542592481,
      "T": 1706607179999,
      "m": false
    }
  },
  {
    "exchange": "binance",
    "instrument": "btcusdt",
    "insType": "perpetual",
    "obj": "trades",
    "btc_price": 43407.75,
    "timestamp": 1706607220.345661,
    "data": {
      "e": "aggTrade",
      "E": 1706607180004,
      "a": 2003610803,
      "s": "BTCUSDT",
      "p": "43399.20",
      "q": "0.823",
      "f": 4542592483,
      "l": 4542592485,
      "T": 1706607179999,
      "m": false
    }
  },
  {
    "exchange": "binance",
    "instrument": "btcusdt",
    "insType": "perpetual",
    "obj": "trades",
    "btc_price": 43407.75,
    "timestamp": 1706607220.3512683,
    "data": {
      "e": "aggTrade",
      "E": 1706607180004,
      "a": 2003610805,
      "s": "BTCUSDT",
      "p": "43399.40",
      "q": "3.072",
      "f": 4542592488,
      "l": 4542592490,
      "T": 1706607179999,
      "m": false
    }
  },
  {
    "exchange": "binance",
    "instrument": "btcusdt",
    "insType": "perpetual",
    "obj": "trades",
    "btc_price": 43407.75,
    "timestamp": 1706607220.3618565,
    "data": {
      "e": "aggTrade",
      "E": 1706607180004,
      "a": 2003610807,
      "s": "BTCUSDT",
      "p": "43399.60",
      "q": "0.003",
      "f": 4542592495,
      "l": 4542592495,
      "T": 1706607179999,
      "m": false
    }
  },
  {
    "exchange": "binance",
    "instrument": "btcusdt",
    "insType": "perpetual",
    "obj": "trades",
    "btc_price": 43407.75,
    "timestamp": 1706607220.3700137,
    "data": {
      "e": "aggTrade",
      "E": 1706607180004,
      "a": 2003610809,
      "s": "BTCUSDT",
      "p": "43399.80",
      "q": "0.096",
      "f": 4542592499,
      "l": 4542592499,
      "T": 1706607179999,
      "m": false
    }
  },
  {
    "exchange": "binance",
    "instrument": "btcusdt",
    "insType": "perpetual",
    "obj": "trades",
    "btc_price": 43407.75,
    "timestamp": 1706607220.3751056,
    "data": {
      "e": "aggTrade",
      "E": 1706607180009,
      "a": 2003610811,
      "s": "BTCUSDT",
      "p": "43400.00",
      "q": "10.129",
      "f": 4542592504,
      "l": 4542592535,
      "T": 1706607179999,
      "m": false
    }
  },
  {
    "exchange": "binance",
    "instrument": "btcusdt",
    "insType": "perpetual",
    "obj": "trades",
    "btc_price": 43407.75,
    "timestamp": 1706607220.380382,
    "data": {
      "e": "aggTrade",
      "E": 1706607180009,
      "a": 2003610813,
      "s": "BTCUSDT",
      "p": "43400.40",
      "q": "0.006",
      "f": 4542592538,
      "l": 4542592539,
      "T": 1706607180006,
      "m": false
    }
  },
  {
    "exchange": "binance",
    "instrument": "btcusdt",
    "insType": "perpetual",
    "obj": "trades",
    "btc_price": 43407.75,
    "timestamp": 1706607220.3855715,
    "data": {
      "e": "aggTrade",
      "E": 1706607180010,
      "a": 2003610815,
      "s": "BTCUSDT",
      "p": "43400.70",
      "q": "0.003",
      "f": 4542592545,
      "l": 4542592545,
      "T": 1706607180006,
      "m": false
    }
  },
  {
    "exchange": "binance",
    "instrument": "btcusdt",
    "insType": "perpetual",
    "obj": "trades",
    "btc_price": 43407.75,
    "timestamp": 1706607220.3907607,
    "data": {
      "e": "aggTrade",
      "E": 1706607180043,
      "a": 2003610817,
      "s": "BTCUSDT",
      "p": "43400.40",
      "q": "0.114",
      "f": 4542592552,
      "l": 4542592552,
      "T": 1706607180027,
      "m": true
    }
  },
  {
    "exchange": "binance",
    "instrument": "btcusdt",
    "insType": "perpetual",
    "obj": "trades",
    "btc_price": 43407.75,
    "timestamp": 1706607220.39652,
    "data": {
      "e": "aggTrade",
      "E": 1706607180064,
      "a": 2003610819,
      "s": "BTCUSDT",
      "p": "43400.10",
      "q": "0.450",
      "f": 4542592554,
      "l": 4542592560,
      "T": 1706607180034,
      "m": false
    }
  },
  {
    "exchange": "binance",
    "instrument": "btcusdt",
    "insType": "perpetual",
    "obj": "trades",
    "btc_price": 43407.75,
    "timestamp": 1706607220.4036505,
    "data": {
      "e": "aggTrade",
      "E": 1706607180066,
      "a": 2003610821,
      "s": "BTCUSDT",
      "p": "43400.70",
      "q": "0.114",
      "f": 4542592567,
      "l": 4542592568,
      "T": 1706607180044,
      "m": false
    }
  },
  {
    "exchange": "binance",
    "instrument": "btcusdt",
    "insType": "perpetual",
    "obj": "trades",
    "btc_price": 43407.75,
    "timestamp": 1706607220.4088666,
    "data": {
      "e": "aggTrade",
      "E": 1706607180068,
      "a": 2003610823,
      "s": "BTCUSDT",
      "p": "43400.90",
      "q": "0.266",
      "f": 4542592580,
      "l": 4542592580,
      "T": 1706607180046,
      "m": false
    }
  },
  {
    "exchange": "binance",
    "instrument": "btcusdt",
    "insType": "perpetual",
    "obj": "trades",
    "btc_price": 43407.75,
    "timestamp": 1706607220.414354,
    "data": {
      "e": "aggTrade",
      "E": 1706607180068,
      "a": 2003610825,
      "s": "BTCUSDT",
      "p": "43401.50",
      "q": "0.017",
      "f": 4542592584,
      "l": 4542592585,
      "T": 1706607180046,
      "m": false
    }
  },
  {
    "exchange": "binance",
    "instrument": "btcusdt",
    "insType": "perpetual",
    "obj": "trades",
    "btc_price": 43407.75,
    "timestamp": 1706607220.4213328,
    "data": {
      "e": "aggTrade",
      "E": 1706607180079,
      "a": 2003610827,
      "s": "BTCUSDT",
      "p": "43400.80",
      "q": "0.232",
      "f": 4542592589,
      "l": 4542592594,
      "T": 1706607180050,
      "m": false
    }
  },
  {
    "exchange": "binance",
    "instrument": "btcusdt",
    "insType": "perpetual",
    "obj": "trades",
    "btc_price": 43415.16,
    "timestamp": 1706607226.3809328,
    "data": {
      "e": "aggTrade",
      "E": 1706607180103,
      "a": 2003610829,
      "s": "BTCUSDT",
      "p": "43401.70",
      "q": "0.028",
      "f": 4542592605,
      "l": 4542592606,
      "T": 1706607180079,
      "m": false
    }
  },
  {
    "exchange": "binance",
    "instrument": "btcusdt",
    "insType": "perpetual",
    "obj": "trades",
    "btc_price": 43415.16,
    "timestamp": 1706607226.3870168,
    "data": {
      "e": "aggTrade",
      "E": 1706607180103,
      "a": 2003610831,
      "s": "BTCUSDT",
      "p": "43401.90",
      "q": "0.075",
      "f": 4542592610,
      "l": 4542592610,
      "T": 1706607180079,
      "m": false
    }
  },
  {
    "exchange": "binance",
    "instrument": "btcusdt",
    "insType": "perpetual",
    "obj": "trades",
    "btc_price": 43415.16,
    "timestamp": 1706607226.3929203,
    "data": {
      "e": "aggTrade",
      "E": 1706607180103,
      "a": 2003610833,
      "s": "BTCUSDT",
      "p": "43402.30",
      "q": "0.136",
      "f": 4542592613,
      "l": 4542592615,
      "T": 1706607180079,
      "m": false
    }
  },
  {
    "exchange": "binance",
    "instrument": "btcusdt",
    "insType": "perpetual",
    "obj": "trades",
    "btc_price": 43415.16,
    "timestamp": 1706607226.3989558,
    "data": {
      "e": "aggTrade",
      "E": 1706607180105,
      "a": 2003610835,
      "s": "BTCUSDT",
      "p": "43402.50",
      "q": "0.003",
      "f": 4542592617,
      "l": 4542592617,
      "T": 1706607180081,
      "m": false
    }
  },
  {
    "exchange": "binance",
    "instrument": "btcusdt",
    "insType": "perpetual",
    "obj": "trades",
    "btc_price": 43415.16,
    "timestamp": 1706607226.4047809,
    "data": {
      "e": "aggTrade",
      "E": 1706607180105,
      "a": 2003610837,
      "s": "BTCUSDT",
      "p": "43402.70",
      "q": "0.003",
      "f": 4542592621,
      "l": 4542592621,
      "T": 1706607180081,
      "m": false
    }
  },
  {
    "exchange": "binance",
    "instrument": "btcusdt",
    "insType": "perpetual",
    "obj": "trades",
    "btc_price": 43415.16,
    "timestamp": 1706607226.4102983,
    "data": {
      "e": "aggTrade",
      "E": 1706607180107,
      "a": 2003610839,
      "s": "BTCUSDT",
      "p": "43403.00",
      "q": "0.013",
      "f": 4542592623,
      "l": 4542592625,
      "T": 1706607180081,
      "m": false
    }
  },
  {
    "exchange": "binance",
    "instrument": "btcusdt",
    "insType": "perpetual",
    "obj": "trades",
    "btc_price": 43415.16,
    "timestamp": 1706607226.4157302,
    "data": {
      "e": "aggTrade",
      "E": 1706607180107,
      "a": 2003610841,
      "s": "BTCUSDT",
      "p": "43403.20",
      "q": "0.103",
      "f": 4542592627,
      "l": 4542592628,
      "T": 1706607180083,
      "m": false
    }
  },
  {
    "exchange": "binance",
    "instrument": "btcusdt",
    "insType": "perpetual",
    "obj": "trades",
    "btc_price": 43415.16,
    "timestamp": 1706607226.4214487,
    "data": {
      "e": "aggTrade",
      "E": 1706607180107,
      "a": 2003610843,
      "s": "BTCUSDT",
      "p": "43403.50",
      "q": "0.003",
      "f": 4542592630,
      "l": 4542592630,
      "T": 1706607180083,
      "m": false
    }
  },
  {
    "exchange": "binance",
    "instrument": "btcusdt",
    "insType": "perpetual",
    "obj": "trades",
    "btc_price": 43415.16,
    "timestamp": 1706607226.4265661,
    "data": {
      "e": "aggTrade",
      "E": 1706607180108,
      "a": 2003610845,
      "s": "BTCUSDT",
      "p": "43403.80",
      "q": "2.271",
      "f": 4542592632,
      "l": 4542592636,
      "T": 1706607180083,
      "m": false
    }
  },
  {
    "exchange": "binance",
    "instrument": "btcusdt",
    "insType": "perpetual",
    "obj": "trades",
    "btc_price": 43415.16,
    "timestamp": 1706607226.4317043,
    "data": {
      "e": "aggTrade",
      "E": 1706607180114,
      "a": 2003610847,
      "s": "BTCUSDT",
      "p": "43403.50",
      "q": "0.003",
      "f": 4542592638,
      "l": 4542592638,
      "T": 1706607180090,
      "m": true
    }
  },
  {
    "exchange": "binance",
    "instrument": "btcusdt",
    "insType": "perpetual",
    "obj": "trades",
    "btc_price": 43415.16,
    "timestamp": 1706607226.4370008,
    "data": {
      "e": "aggTrade",
      "E": 1706607180138,
      "a": 2003610849,
      "s": "BTCUSDT",
      "p": "43403.90",
      "q": "5.262",
      "f": 4542592640,
      "l": 4542592647,
      "T": 1706607180090,
      "m": false
    }
  },
  {
    "exchange": "binance",
    "instrument": "btcusdt",
    "insType": "perpetual",
    "obj": "trades",
    "btc_price": 43415.16,
    "timestamp": 1706607226.4434009,
    "data": {
      "e": "aggTrade",
      "E": 1706607180138,
      "a": 2003610851,
      "s": "BTCUSDT",
      "p": "43404.30",
      "q": "0.009",
      "f": 4542592651,
      "l": 4542592651,
      "T": 1706607180115,
      "m": false
    }
  },
  {
    "exchange": "binance",
    "instrument": "btcusdt",
    "insType": "perpetual",
    "obj": "trades",
    "btc_price": 43415.16,
    "timestamp": 1706607226.4487262,
    "data": {
      "e": "aggTrade",
      "E": 1706607180138,
      "a": 2003610853,
      "s": "BTCUSDT",
      "p": "43404.50",
      "q": "0.003",
      "f": 4542592655,
      "l": 4542592655,
      "T": 1706607180115,
      "m": false
    }
  },
  {
    "exchange": "binance",
    "instrument": "btcusdt",
    "insType": "perpetual",
    "obj": "trades",
    "btc_price": 43415.16,
    "timestamp": 1706607226.453914,
    "data": {
      "e": "aggTrade",
      "E": 1706607180138,
      "a": 2003610855,
      "s": "BTCUSDT",
      "p": "43404.80",
      "q": "0.121",
      "f": 4542592658,
      "l": 4542592658,
      "T": 1706607180115,
      "m": false
    }
  },
  {
    "exchange": "binance",
    "instrument": "btcusdt",
    "insType": "perpetual",
    "obj": "trades",
    "btc_price": 43415.16,
    "timestamp": 1706607226.4591174,
    "data": {
      "e": "aggTrade",
      "E": 1706607180156,
      "a": 2003610857,
      "s": "BTCUSDT",
      "p": "43403.50",
      "q": "0.007",
      "f": 4542592668,
      "l": 4542592668,
      "T": 1706607180138,
      "m": true
    }
  },
  {
    "exchange": "binance",
    "instrument": "btcusdt",
    "insType": "perpetual",
    "obj": "trades",
    "btc_price": 43415.16,
    "timestamp": 1706607226.464528,
    "data": {
      "e": "aggTrade",
      "E": 1706607180171,
      "a": 2003610859,
      "s": "BTCUSDT",
      "p": "43403.70",
      "q": "0.541",
      "f": 4542592672,
      "l": 4542592675,
      "T": 1706607180152,
      "m": false
    }
  },
  {
    "exchange": "binance",
    "instrument": "btcusdt",
    "insType": "perpetual",
    "obj": "trades",
    "btc_price": 43421.4,
    "timestamp": 1706607233.1901886,
    "data": {
      "e": "aggTrade",
      "E": 1706607180176,
      "a": 2003610861,
      "s": "BTCUSDT",
      "p": "43403.90",
      "q": "0.800",
      "f": 4542592678,
      "l": 4542592678,
      "T": 1706607180167,
      "m": false
    }
  },
  {
    "exchange": "binance",
    "instrument": "btcusdt",
    "insType": "perpetual",
    "obj": "trades",
    "btc_price": 43421.4,
    "timestamp": 1706607233.19669,
    "data": {
      "e": "aggTrade",
      "E": 1706607180184,
      "a": 2003610863,
      "s": "BTCUSDT",
      "p": "43403.90",
      "q": "0.004",
      "f": 4542592682,
      "l": 4542592682,
      "T": 1706607180179,
      "m": true
    }
  },
  {
    "exchange": "binance",
    "instrument": "btcusdt",
    "insType": "perpetual",
    "obj": "trades",
    "btc_price": 43421.4,
    "timestamp": 1706607233.20386,
    "data": {
      "e": "aggTrade",
      "E": 1706607180185,
      "a": 2003610865,
      "s": "BTCUSDT",
      "p": "43405.00",
      "q": "0.006",
      "f": 4542592686,
      "l": 4542592687,
      "T": 1706607180182,
      "m": false
    }
  },
  {
    "exchange": "binance",
    "instrument": "btcusdt",
    "insType": "perpetual",
    "obj": "trades",
    "btc_price": 43421.4,
    "timestamp": 1706607233.2106798,
    "data": {
      "e": "aggTrade",
      "E": 1706607180192,
      "a": 2003610867,
      "s": "BTCUSDT",
      "p": "43404.20",
      "q": "1.059",
      "f": 4542592689,
      "l": 4542592690,
      "T": 1706607180190,
      "m": true
    }
  },
  {
    "exchange": "binance",
    "instrument": "btcusdt",
    "insType": "perpetual",
    "obj": "trades",
    "btc_price": 43421.4,
    "timestamp": 1706607233.2177892,
    "data": {
      "e": "aggTrade",
      "E": 1706607180196,
      "a": 2003610869,
      "s": "BTCUSDT",
      "p": "43403.80",
      "q": "0.710",
      "f": 4542592693,
      "l": 4542592694,
      "T": 1706607180190,
      "m": true
    }
  },
  {
    "exchange": "binance",
    "instrument": "btcusdt",
    "insType": "perpetual",
    "obj": "trades",
    "btc_price": 43421.4,
    "timestamp": 1706607233.224494,
    "data": {
      "e": "aggTrade",
      "E": 1706607180197,
      "a": 2003610871,
      "s": "BTCUSDT",
      "p": "43404.60",
      "q": "0.003",
      "f": 4542592696,
      "l": 4542592696,
      "T": 1706607180195,
      "m": false
    }
  },
  {
    "exchange": "binance",
    "instrument": "btcusdt",
    "insType": "perpetual",
    "obj": "trades",
    "btc_price": 43421.4,
    "timestamp": 1706607233.2313554,
    "data": {
      "e": "aggTrade",
      "E": 1706607180209,
      "a": 2003610873,
      "s": "BTCUSDT",
      "p": "43405.30",
      "q": "0.265",
      "f": 4542592698,
      "l": 4542592700,
      "T": 1706607180195,
      "m": false
    }
  },
  {
    "exchange": "binance",
    "instrument": "btcusdt",
    "insType": "perpetual",
    "obj": "trades",
    "btc_price": 43421.4,
    "timestamp": 1706607233.2380433,
    "data": {
      "e": "aggTrade",
      "E": 1706607180230,
      "a": 2003610875,
      "s": "BTCUSDT",
      "p": "43405.30",
      "q": "0.118",
      "f": 4542592702,
      "l": 4542592704,
      "T": 1706607180222,
      "m": false
    }
  },
  {
    "exchange": "binance",
    "instrument": "btcusdt",
    "insType": "perpetual",
    "obj": "trades",
    "btc_price": 43421.4,
    "timestamp": 1706607233.2446632,
    "data": {
      "e": "aggTrade",
      "E": 1706607180230,
      "a": 2003610877,
      "s": "BTCUSDT",
      "p": "43405.50",
      "q": "0.014",
      "f": 4542592707,
      "l": 4542592707,
      "T": 1706607180229,
      "m": false
    }
  },
  {
    "exchange": "binance",
    "instrument": "btcusdt",
    "insType": "perpetual",
    "obj": "trades",
    "btc_price": 43421.4,
    "timestamp": 1706607233.251217,
    "data": {
      "e": "aggTrade",
      "E": 1706607180230,
      "a": 2003610879,
      "s": "BTCUSDT",
      "p": "43405.70",
      "q": "0.047",
      "f": 4542592709,
      "l": 4542592709,
      "T": 1706607180229,
      "m": false
    }
  },
  {
    "exchange": "binance",
    "instrument": "btcusdt",
    "insType": "perpetual",
    "obj": "trades",
    "btc_price": 43421.4,
    "timestamp": 1706607233.2581117,
    "data": {
      "e": "aggTrade",
      "E": 1706607180237,
      "a": 2003610881,
      "s": "BTCUSDT",
      "p": "43406.00",
      "q": "0.197",
      "f": 4542592711,
      "l": 4542592712,
      "T": 1706607180229,
      "m": false
    }
  },
  {
    "exchange": "binance",
    "instrument": "btcusdt",
    "insType": "perpetual",
    "obj": "trades",
    "btc_price": 43421.4,
    "timestamp": 1706607233.2646964,
    "data": {
      "e": "aggTrade",
      "E": 1706607180263,
      "a": 2003610883,
      "s": "BTCUSDT",
      "p": "43406.00",
      "q": "0.107",
      "f": 4542592714,
      "l": 4542592715,
      "T": 1706607180240,
      "m": false
    }
  },
  {
    "exchange": "binance",
    "instrument": "btcusdt",
    "insType": "perpetual",
    "obj": "trades",
    "btc_price": 43421.4,
    "timestamp": 1706607233.2713253,
    "data": {
      "e": "aggTrade",
      "E": 1706607180276,
      "a": 2003610885,
      "s": "BTCUSDT",
      "p": "43406.00",
      "q": "0.234",
      "f": 4542592717,
      "l": 4542592718,
      "T": 1706607180265,
      "m": false
    }
  },
  {
    "exchange": "binance",
    "instrument": "btcusdt",
    "insType": "perpetual",
    "obj": "trades",
    "btc_price": 43421.4,
    "timestamp": 1706607233.2781901,
    "data": {
      "e": "aggTrade",
      "E": 1706607180299,
      "a": 2003610887,
      "s": "BTCUSDT",
      "p": "43405.90",
      "q": "0.007",
      "f": 4542592721,
      "l": 4542592721,
      "T": 1706607180284,
      "m": true
    }
  },
  {
    "exchange": "binance",
    "instrument": "btcusdt",
    "insType": "perpetual",
    "obj": "trades",
    "btc_price": 43421.4,
    "timestamp": 1706607233.285609,
    "data": {
      "e": "aggTrade",
      "E": 1706607180349,
      "a": 2003610889,
      "s": "BTCUSDT",
      "p": "43406.60",
      "q": "0.226",
      "f": 4542592723,
      "l": 4542592730,
      "T": 1706607180311,
      "m": false
    }
  },
  {
    "exchange": "binance",
    "instrument": "btcusdt",
    "insType": "perpetual",
    "obj": "trades",
    "btc_price": 43421.4,
    "timestamp": 1706607233.293557,
    "data": {
      "e": "aggTrade",
      "E": 1706607180435,
      "a": 2003610891,
      "s": "BTCUSDT",
      "p": "43406.60",
      "q": "0.007",
      "f": 4542592735,
      "l": 4542592735,
      "T": 1706607180418,
      "m": true
    }
  },
  {
    "exchange": "binance",
    "instrument": "btcusdt",
    "insType": "perpetual",
    "obj": "trades",
    "btc_price": 43427.6,
    "timestamp": 1706607240.8963883,
    "data": {
      "e": "aggTrade",
      "E": 1706607180442,
      "a": 2003610893,
      "s": "BTCUSDT",
      "p": "43407.00",
      "q": "0.216",
      "f": 4542592740,
      "l": 4542592743,
      "T": 1706607180434,
      "m": false
    }
  },
  {
    "exchange": "binance",
    "instrument": "btcusdt",
    "insType": "perpetual",
    "obj": "trades",
    "btc_price": 43427.6,
    "timestamp": 1706607240.904736,
    "data": {
      "e": "aggTrade",
      "E": 1706607180466,
      "a": 2003610895,
      "s": "BTCUSDT",
      "p": "43407.40",
      "q": "0.070",
      "f": 4542592745,
      "l": 4542592746,
      "T": 1706607180440,
      "m": false
    }
  },
  {
    "exchange": "binance",
    "instrument": "btcusdt",
    "insType": "perpetual",
    "obj": "trades",
    "btc_price": 43427.6,
    "timestamp": 1706607240.916791,
    "data": {
      "e": "aggTrade",
      "E": 1706607180466,
      "a": 2003610897,
      "s": "BTCUSDT",
      "p": "43407.20",
      "q": "0.450",
      "f": 4542592748,
      "l": 4542592748,
      "T": 1706607180464,
      "m": true
    }
  },
  {
    "exchange": "binance",
    "instrument": "btcusdt",
    "insType": "perpetual",
    "obj": "trades",
    "btc_price": 43427.6,
    "timestamp": 1706607240.9288063,
    "data": {
      "e": "aggTrade",
      "E": 1706607180505,
      "a": 2003610899,
      "s": "BTCUSDT",
      "p": "43406.90",
      "q": "0.126",
      "f": 4542592750,
      "l": 4542592751,
      "T": 1706607180464,
      "m": true
    }
  },
  {
    "exchange": "binance",
    "instrument": "btcusdt",
    "insType": "perpetual",
    "obj": "trades",
    "btc_price": 43427.6,
    "timestamp": 1706607240.939641,
    "data": {
      "e": "aggTrade",
      "E": 1706607180505,
      "a": 2003610901,
      "s": "BTCUSDT",
      "p": "43407.70",
      "q": "0.353",
      "f": 4542592753,
      "l": 4542592755,
      "T": 1706607180503,
      "m": false
    }
  },
  {
    "exchange": "binance",
    "instrument": "btcusdt",
