[
  {
    "exchange": "bitget",
    "instrument": "btcusdt",
    "insType": "perpetual",
    "obj": "trades",
    "btc_price": 61842.56,
    "timestamp": 1709416043.1258478,
    "data": {
      "event": "subscribe",
      "arg": {
        "instType": "USDT-FUTURES",
        "channel": "trade",
        "instId": "BTCUSDT"
      }
    }
  },
  {
    "exchange": "bitget",
    "instrument": "btcusdt",
    "insType": "perpetual",
    "obj": "trades",
    "btc_price": 61842.56,
    "timestamp": 1709416043.40583,
    "data": {
      "action": "snapshot",
      "arg": {
        "instType": "USDT-FUTURES",
        "channel": "trade",
        "instId": "BTCUSDT"
      },
      "data": [
        {
          "ts": "1709416036838",
          "price": "61886.0",
          "size": "0.354",
          "side": "sell",
          "tradeId": "1147939548974788615"
        },
        {
          "ts": "1709416036838",
          "price": "61887.0",
          "size": "0.022",
          "side": "sell",
          "tradeId": "1147939548974788609"
        },
        {
          "ts": "1709416036276",
          "price": "61888.7",
          "size": "1.853",
          "side": "buy",
          "tradeId": "1147939546617589761"
        },
        {
          "ts": "1709416032843",
          "price": "61887.1",
          "size": "22.644",
          "side": "buy",
          "tradeId": "1147939532218544129"
        },
        {
          "ts": "1709416032088",
          "price": "61887.1",
          "size": "0.002",
          "side": "buy",
          "tradeId": "1147939529051844609"
        },
        {
          "ts": "1709416031211",
          "price": "61887.1",
          "size": "0.027",
          "side": "buy",
          "tradeId": "1147939525373440001"
        },
        {
          "ts": "1709416030232",
          "price": "61885.2",
          "size": "0.016",
          "side": "sell",
          "tradeId": "1147939521267216385"
        },
        {
          "ts": "1709416029823",
          "price": "61885.2",
          "size": "0.008",
          "side": "sell",
          "tradeId": "1147939519551746049"
        },
        {
          "ts": "1709416029742",
          "price": "61887.1",
          "size": "0.078",
          "side": "buy",
          "tradeId": "1147939519212007425"
        },
        {
          "ts": "1709416028693",
          "price": "61887.1",
          "size": "0.002",
          "side": "buy",
          "tradeId": "1147939514812182529"
        },
        {
          "ts": "1709416026609",
          "price": "61876.2",
          "size": "0.003",
          "side": "sell",
          "tradeId": "1147939506071252993"
        },
        {
          "ts": "1709416025832",
          "price": "61866.7",
          "size": "0.012",
          "side": "sell",
          "tradeId": "1147939502812278785"
        },
        {
          "ts": "1709416025423",
          "price": "61866.7",
          "size": "0.098",
          "side": "sell",
          "tradeId": "1147939501096808449"
        },
        {
          "ts": "1709416025375",
          "price": "61866.7",
          "size": "0.098",
          "side": "sell",
          "tradeId": "1147939500895481857"
        },
        {
          "ts": "1709416022582",
          "price": "61864.2",
          "size": "0.014",
          "side": "sell",
          "tradeId": "1147939489180790785"
        },
        {
          "ts": "1709416022248",
          "price": "61866.5",
          "size": "12.659",
          "side": "sell",
          "tradeId": "1147939487779893249"
        },
        {
          "ts": "1709416021180",
          "price": "61866.8",
          "size": "0.040",
          "side": "buy",
          "tradeId": "1147939483300376577"
        },
        {
          "ts": "1709416020468",
          "price": "61866.7",
          "size": "0.267",
          "side": "sell",
          "tradeId": "1147939480314032129"
        },
        {
          "ts": "1709416020364",
          "price": "61861.3",
          "size": "0.004",
          "side": "sell",
          "tradeId": "1147939479877824513"
        },
        {
          "ts": "1709416020351",
          "price": "61861.3",
          "size": "0.050",
          "side": "sell",
          "tradeId": "1147939479823298560"
        },
        {
          "ts": "1709416020270",
          "price": "61861.3",
          "size": "2.404",
          "side": "sell",
          "tradeId": "1147939479483559945"
        },
        {
          "ts": "1709416020270",
          "price": "61861.5",
          "size": "0.001",
          "side": "sell",
          "tradeId": "1147939479483559943"
        },
        {
          "ts": "1709416020270",
          "price": "61862.7",
          "size": "0.001",
          "side": "sell",
          "tradeId": "1147939479483559941"
        },
        {
          "ts": "1709416020270",
          "price": "61863.6",
          "size": "0.001",
          "side": "sell",
          "tradeId": "1147939479483559939"
        },
        {
          "ts": "1709416020270",
          "price": "61863.9",
          "size": "0.067",
          "side": "sell",
          "tradeId": "1147939479483559937"
        },
        {
          "ts": "1709416020266",
          "price": "61863.9",
          "size": "0.020",
          "side": "sell",
          "tradeId": "1147939479466782721"
        },
        {
          "ts": "1709416020264",
          "price": "61864.0",
          "size": "0.001",
          "side": "sell",
          "tradeId": "1147939479458394192"
        },
        {
          "ts": "1709416020264",
          "price": "61865.1",
          "size": "0.006",
          "side": "sell",
          "tradeId": "1147939479458394190"
        },
        {
          "ts": "1709416020241",
          "price": "61867.2",
          "size": "0.001",
          "side": "buy",
          "tradeId": "1147939479361925121"
        },
        {
          "ts": "1709416020235",
          "price": "61867.4",
          "size": "0.123",
          "side": "sell",
          "tradeId": "1147939479336759302"
        },
        {
          "ts": "1709416020235",
          "price": "61867.7",
          "size": "0.226",
          "side": "sell",
          "tradeId": "1147939479336759300"
        },
        {
          "ts": "1709416020166",
          "price": "61867.7",
          "size": "0.002",
          "side": "sell",
          "tradeId": "1147939479047352321"
        },
        {
          "ts": "1709416020157",
          "price": "61867.7",
          "size": "0.017",
          "side": "sell",
          "tradeId": "1147939479009603589"
        },
        {
          "ts": "1709416020157",
          "price": "61869.2",
          "size": "0.001",
          "side": "sell",
          "tradeId": "1147939479009603587"
        },
        {
          "ts": "1709416020157",
          "price": "61870.0",
          "size": "0.002",
          "side": "sell",
          "tradeId": "1147939479009603585"
        },
        {
          "ts": "1709416019968",
          "price": "61870.4",
          "size": "0.063",
          "side": "sell",
          "tradeId": "1147939478216880129"
        },
        {
          "ts": "1709416019963",
          "price": "61870.4",
          "size": "0.323",
          "side": "sell",
          "tradeId": "1147939478195908610"
        },
        {
          "ts": "1709416019961",
          "price": "61870.4",
          "size": "0.037",
          "side": "sell",
          "tradeId": "1147939478187520001"
        },
        {
          "ts": "1709416019952",
          "price": "61870.4",
          "size": "0.063",
          "side": "sell",
          "tradeId": "1147939478149771265"
        },
        {
          "ts": "1709416019950",
          "price": "61870.4",
          "size": "0.001",
          "side": "sell",
          "tradeId": "1147939478141382657"
        },
        {
          "ts": "1709416019944",
          "price": "61870.4",
          "size": "0.001",
          "side": "sell",
          "tradeId": "1147939478116216833"
        },
        {
          "ts": "1709416019856",
          "price": "61870.5",
          "size": "0.084",
          "side": "sell",
          "tradeId": "1147939477747118086"
        },
        {
          "ts": "1709416019856",
          "price": "61875.0",
          "size": "0.044",
          "side": "sell",
          "tradeId": "1147939477747118084"
        },
        {
          "ts": "1709416019856",
          "price": "61875.0",
          "size": "0.002",
          "side": "sell",
          "tradeId": "1147939477747118082"
        },
        {
          "ts": "1709416019856",
          "price": "61875.0",
          "size": "0.037",
          "side": "sell",
          "tradeId": "1147939477747118080"
        },
        {
          "ts": "1709416019759",
          "price": "61878.0",
          "size": "0.093",
          "side": "sell",
          "tradeId": "1147939477340270666"
        },
        {
          "ts": "1709416019759",
          "price": "61879.2",
          "size": "0.010",
          "side": "sell",
          "tradeId": "1147939477340270664"
        },
        {
          "ts": "1709416019759",
          "price": "61880.0",
          "size": "1.028",
          "side": "sell",
          "tradeId": "1147939477340270662"
        },
        {
          "ts": "1709416019708",
          "price": "61886.4",
          "size": "0.086",
          "side": "sell",
          "tradeId": "1147939477126361120"
        },
        {
          "ts": "1709416019006",
          "price": "61888.5",
          "size": "0.841",
          "side": "sell",
          "tradeId": "1147939474181959733"
        },
        {
          "ts": "1709416018581",
          "price": "61892.1",
          "size": "0.199",
          "side": "sell",
          "tradeId": "1147939472399380485"
        },
        {
          "ts": "1709416011164",
          "price": "61893.4",
          "size": "18.405",
          "side": "sell",
          "tradeId": "1147939441290227713"
        },
        {
          "ts": "1709416008135",
          "price": "61893.5",
          "size": "0.023",
          "side": "buy",
          "tradeId": "1147939428585680897"
        },
        {
          "ts": "1709416007569",
          "price": "61900.0",
          "size": "0.218",
          "side": "sell",
          "tradeId": "1147939426211704835"
        },
        {
          "ts": "1709416003700",
          "price": "61900.1",
          "size": "0.005",
          "side": "buy",
          "tradeId": "1147939409983942657"
        },
        {
          "ts": "1709416001878",
          "price": "61900.0",
          "size": "0.188",
          "side": "sell",
          "tradeId": "1147939402341920769"
        },
        {
          "ts": "1709416001447",
          "price": "61910.0",
          "size": "0.500",
          "side": "sell",
          "tradeId": "1147939400534175834"
        },
        {
          "ts": "1709416001306",
          "price": "61912.8",
          "size": "0.008",
          "side": "sell",
          "tradeId": "1147939399942778888"
        },
        {
          "ts": "1709416001306",
          "price": "61913.0",
          "size": "0.048",
          "side": "sell",
          "tradeId": "1147939399942778885"
        },
        {
          "ts": "1709416001306",
          "price": "61913.5",
          "size": "0.004",
          "side": "sell",
          "tradeId": "1147939399942778883"
        },
        {
          "ts": "1709416001250",
          "price": "61914.9",
          "size": "0.003",
          "side": "sell",
          "tradeId": "1147939399707897859"
        },
        {
          "ts": "1709415999064",
          "price": "61919.6",
          "size": "6.543",
          "side": "sell",
          "tradeId": "1147939390539149313"
        },
        {
          "ts": "1709415996362",
          "price": "61923.7",
          "size": "0.012",
          "side": "buy",
          "tradeId": "1147939379206139905"
        },
        {
          "ts": "1709415993512",
          "price": "61923.5",
          "size": "16.670",
          "side": "sell",
          "tradeId": "1147939367252373505"
        },
        {
          "ts": "1709415991978",
          "price": "61923.7",
          "size": "0.050",
          "side": "buy",
          "tradeId": "1147939360818311169"
        },
        {
          "ts": "1709415991762",
          "price": "61923.7",
          "size": "0.001",
          "side": "buy",
          "tradeId": "1147939359912341505"
        },
        {
          "ts": "1709415990349",
          "price": "61923.7",
          "size": "0.002",
          "side": "buy",
          "tradeId": "1147939353985789953"
        },
        {
          "ts": "1709415989182",
          "price": "61921.0",
          "size": "0.009",
          "side": "sell",
          "tradeId": "1147939349091037189"
        },
        {
          "ts": "1709415989182",
          "price": "61922.6",
          "size": "0.015",
          "side": "sell",
          "tradeId": "1147939349091037187"
        },
        {
          "ts": "1709415988738",
          "price": "61923.7",
          "size": "0.126",
          "side": "buy",
          "tradeId": "1147939347228766209"
        },
        {
          "ts": "1709415988298",
          "price": "61923.7",
          "size": "0.083",
          "side": "buy",
          "tradeId": "1147939345383272449"
        },
        {
          "ts": "1709415986080",
          "price": "61923.7",
          "size": "0.001",
          "side": "buy",
          "tradeId": "1147939336080306176"
        },
        {
          "ts": "1709415982434",
          "price": "61921.0",
          "size": "13.551",
          "side": "buy",
          "tradeId": "1147939320787873793"
        },
        {
          "ts": "1709415981875",
          "price": "61923.7",
          "size": "0.329",
          "side": "buy",
          "tradeId": "1147939318443257860"
        },
        {
          "ts": "1709415981875",
          "price": "61923.1",
          "size": "0.565",
          "side": "buy",
          "tradeId": "1147939318443257857"
        },
        {
          "ts": "1709415980028",
          "price": "61919.4",
          "size": "0.015",
          "side": "buy",
          "tradeId": "1147939310696378369"
        },
        {
          "ts": "1709415975285",
          "price": "61918.3",
          "size": "0.400",
          "side": "sell",
          "tradeId": "1147939290802794497"
        },
        {
          "ts": "1709415972372",
          "price": "61918.3",
          "size": "0.001",
          "side": "sell",
          "tradeId": "1147939278584786966"
        },
        {
          "ts": "1709415971852",
          "price": "61918.3",
          "size": "6.942",
          "side": "sell",
          "tradeId": "1147939276403748865"
        },
        {
          "ts": "1709415971297",
          "price": "61918.3",
          "size": "0.001",
          "side": "sell",
          "tradeId": "1147939274075910150"
        },
        {
          "ts": "1709415971297",
          "price": "61918.3",
          "size": "0.009",
          "side": "sell",
          "tradeId": "1147939274075910147"
        },
        {
          "ts": "1709415971297",
          "price": "61918.3",
          "size": "0.090",
          "side": "sell",
          "tradeId": "1147939274075910145"
        },
        {
          "ts": "1709415966898",
          "price": "61918.3",
          "size": "0.005",
          "side": "sell",
          "tradeId": "1147939255625166849"
        },
        {
          "ts": "1709415965898",
          "price": "61918.4",
          "size": "0.005",
          "side": "buy",
          "tradeId": "1147939251430862849"
        },
        {
          "ts": "1709415960260",
          "price": "61918.3",
          "size": "16.497",
          "side": "sell",
          "tradeId": "1147939227783376897"
        },
        {
          "ts": "1709415958692",
          "price": "61923.0",
          "size": "0.024",
          "side": "buy",
          "tradeId": "1147939221206708225"
        },
        {
          "ts": "1709415955272",
          "price": "61918.4",
          "size": "0.001",
          "side": "sell",
          "tradeId": "1147939206862188547"
        },
        {
          "ts": "1709415950149",
          "price": "61923.7",
          "size": "0.002",
          "side": "buy",
          "tradeId": "1147939185374769153"
        },
        {
          "ts": "1709415949170",
          "price": "61923.7",
          "size": "13.777",
          "side": "buy",
          "tradeId": "1147939181268545537"
        },
        {
          "ts": "1709415947005",
          "price": "61923.0",
          "size": "0.002",
          "side": "sell",
          "tradeId": "1147939172187877377"
        },
        {
          "ts": "1709415946474",
          "price": "61923.1",
          "size": "0.001",
          "side": "buy",
          "tradeId": "1147939169960701953"
        },
        {
          "ts": "1709415945700",
          "price": "61922.8",
          "size": "0.400",
          "side": "buy",
          "tradeId": "1147939166714310657"
        },
        {
          "ts": "1709415941890",
          "price": "61922.6",
          "size": "0.024",
          "side": "buy",
          "tradeId": "1147939150734012417"
        },
        {
          "ts": "1709415941367",
          "price": "61922.6",
          "size": "0.100",
          "side": "buy",
          "tradeId": "1147939148540391425"
        },
        {
          "ts": "1709415939095",
          "price": "61921.0",
          "size": "15.591",
          "side": "sell",
          "tradeId": "1147939139010932737"
        },
        {
          "ts": "1709415931773",
          "price": "61922.7",
          "size": "0.203",
          "side": "buy",
          "tradeId": "1147939108300238854"
        },
        {
          "ts": "1709415931773",
          "price": "61922.6",
          "size": "1.000",
          "side": "buy",
          "tradeId": "1147939108300238849"
        },
        {
          "ts": "1709415931026",
          "price": "61920.0",
          "size": "21.365",
          "side": "buy",
          "tradeId": "1147939105167093761"
        },
        {
          "ts": "1709415930229",
          "price": "61918.3",
          "size": "0.024",
          "side": "sell",
          "tradeId": "1147939101824233473"
        },
        {
          "ts": "1709415929389",
          "price": "61918.3",
          "size": "0.001",
          "side": "sell",
          "tradeId": "1147939098301018114"
        },
        {
          "ts": "1709415925346",
          "price": "61922.5",
          "size": "0.025",
          "side": "sell",
          "tradeId": "1147939081343447041"
        },
        {
          "ts": "1709415920945",
          "price": "61922.5",
          "size": "8.050",
          "side": "buy",
          "tradeId": "1147939062884315137"
        },
        {
          "ts": "1709415919306",
          "price": "61922.7",
          "size": "0.075",
          "side": "buy",
          "tradeId": "1147939056009850881"
        },
        {
          "ts": "1709415917427",
          "price": "61920.8",
          "size": "0.001",
          "side": "sell",
          "tradeId": "1147939048128753665"
        },
        {
          "ts": "1709415910671",
          "price": "61913.1",
          "size": "0.001",
          "side": "buy",
          "tradeId": "1147939019792035841"
        },
        {
          "ts": "1709415910369",
          "price": "61913.5",
          "size": "12.225",
          "side": "sell",
          "tradeId": "1147939018525356033"
        },
        {
          "ts": "1709415909106",
          "price": "61918.4",
          "size": "2.281",
          "side": "buy",
          "tradeId": "1147939013227950097"
        },
        {
          "ts": "1709415908903",
          "price": "61918.3",
          "size": "0.025",
          "side": "buy",
          "tradeId": "1147939012376506369"
        },
        {
          "ts": "1709415902277",
          "price": "61918.3",
          "size": "0.053",
          "side": "buy",
          "tradeId": "1147938984585048065"
        },
        {
          "ts": "1709415900680",
          "price": "61913.1",
          "size": "0.001",
          "side": "sell",
          "tradeId": "1147938977886744577"
        },
        {
          "ts": "1709415900591",
          "price": "61918.4",
          "size": "0.006",
          "side": "buy",
          "tradeId": "1147938977513451521"
        },
        {
          "ts": "1709415899284",
          "price": "61918.4",
          "size": "14.885",
          "side": "buy",
          "tradeId": "1147938972031496193"
        },
        {
          "ts": "1709415898658",
          "price": "61918.4",
          "size": "0.010",
          "side": "buy",
          "tradeId": "1147938969405861889"
        },
        {
          "ts": "1709415897881",
          "price": "61917.3",
          "size": "0.008",
          "side": "sell",
          "tradeId": "1147938966146887681"
        },
        {
          "ts": "1709415896375",
          "price": "61918.4",
          "size": "0.030",
          "side": "buy",
          "tradeId": "1147938959830265857"
        },
        {
          "ts": "1709415894150",
          "price": "61915.6",
          "size": "0.015",
          "side": "sell",
          "tradeId": "1147938950497939457"
        },
        {
          "ts": "1709415889631",
          "price": "61915.7",
          "size": "0.002",
          "side": "buy",
          "tradeId": "1147938931543879681"
        },
        {
          "ts": "1709415889610",
          "price": "61915.7",
          "size": "0.002",
          "side": "buy",
          "tradeId": "1147938931455799297"
        },
        {
          "ts": "1709415889211",
          "price": "61917.3",
          "size": "14.389",
          "side": "sell",
          "tradeId": "1147938929782272001"
        },
        {
          "ts": "1709415887058",
          "price": "61917.4",
          "size": "0.003",
          "side": "buy",
          "tradeId": "1147938920751935489"
        },
        {
          "ts": "1709415885747",
          "price": "61917.4",
          "size": "0.002",
          "side": "buy",
          "tradeId": "1147938915253202945"
        },
        {
          "ts": "1709415879138",
          "price": "61913.0",
          "size": "10.414",
          "side": "sell",
          "tradeId": "1147938887533047809"
        },
        {
          "ts": "1709415876186",
          "price": "61913.6",
          "size": "0.248",
          "side": "buy",
          "tradeId": "1147938875151462401"
        },
        {
          "ts": "1709415875094",
          "price": "61917.0",
          "size": "19.733",
          "side": "sell",
          "tradeId": "1147938870571282433"
        },
        {
          "ts": "1709415872776",
          "price": "61916.9",
          "size": "0.395",
          "side": "buy",
          "tradeId": "1147938860848885761"
        },
        {
          "ts": "1709415872711",
          "price": "61915.7",
          "size": "0.006",
          "side": "sell",
          "tradeId": "1147938860576256009"
        },
        {
          "ts": "1709415872711",
          "price": "61915.7",
          "size": "0.268",
          "side": "sell",
          "tradeId": "1147938860576256005"
        },
        {
          "ts": "1709415872711",
          "price": "61916.8",
          "size": "0.226",
          "side": "sell",
          "tradeId": "1147938860576256001"
        },
        {
          "ts": "1709415869896",
          "price": "61915.7",
          "size": "0.006",
          "side": "buy",
          "tradeId": "1147938848769290241"
        },
        {
          "ts": "1709415866495",
          "price": "61915.6",
          "size": "0.061",
          "side": "sell",
          "tradeId": "1147938834504462337"
        },
        {
          "ts": "1709415864758",
          "price": "61915.7",
          "size": "0.082",
          "side": "buy",
          "tradeId": "1147938827218956289"
        },
        {
          "ts": "1709415864007",
          "price": "61915.7",
          "size": "28.762",
          "side": "buy",
          "tradeId": "1147938824069033984"
        },
        {
          "ts": "1709415859084",
          "price": "61915.7",
          "size": "0.048",
          "side": "buy",
          "tradeId": "1147938803420475393"
        },
        {
          "ts": "1709415857330",
          "price": "61915.6",
          "size": "0.036",
          "side": "buy",
          "tradeId": "1147938796063666177"
        },
        {
          "ts": "1709415853350",
          "price": "61915.6",
          "size": "0.166",
          "side": "buy",
          "tradeId": "1147938779370336260"
        },
        {
          "ts": "1709415853350",
          "price": "61915.1",
          "size": "0.025",
          "side": "buy",
          "tradeId": "1147938779370336257"
        },
        {
          "ts": "1709415851913",
          "price": "61914.5",
          "size": "25.928",
          "side": "buy",
          "tradeId": "1147938773343121409"
        },
        {
          "ts": "1709415851530",
          "price": "61914.3",
          "size": "0.102",
          "side": "sell",
          "tradeId": "1147938771736703016"
        },
        {
          "ts": "1709415851530",
          "price": "61915.0",
          "size": "0.148",
          "side": "sell",
          "tradeId": "1147938771736703014"
        },
        {
          "ts": "1709415841334",
          "price": "61915.0",
          "size": "13.832",
          "side": "sell",
          "tradeId": "1147938728971579393"
        },
        {
          "ts": "1709415837467",
          "price": "61909.6",
          "size": "0.064",
          "side": "sell",
          "tradeId": "1147938712752205824"
        },
        {
          "ts": "1709415837466",
          "price": "61914.3",
          "size": "0.012",
          "side": "sell",
          "tradeId": "1147938712748011564"
        },
        {
          "ts": "1709415836711",
          "price": "61914.3",
          "size": "0.001",
          "side": "sell",
          "tradeId": "1147938709581312003"
        },
        {
          "ts": "1709415836636",
          "price": "61914.3",
          "size": "0.012",
          "side": "sell",
          "tradeId": "1147938709266739201"
        },
        {
          "ts": "1709415830735",
          "price": "61907.5",
          "size": "15.578",
          "side": "buy",
          "tradeId": "1147938684516151297"
        },
        {
          "ts": "1709415829830",
          "price": "61909.7",
          "size": "0.001",
          "side": "buy",
          "tradeId": "1147938680720306177"
        },
        {
          "ts": "1709415828091",
          "price": "61903.5",
          "size": "0.029",
          "side": "buy",
          "tradeId": "1147938673426411523"
        },
        {
          "ts": "1709415820664",
          "price": "61903.5",
          "size": "0.055",
          "side": "buy",
          "tradeId": "1147938642275315713"
        },
        {
          "ts": "1709415820562",
          "price": "61903.5",
          "size": "0.100",
          "side": "buy",
          "tradeId": "1147938641847496705"
        },
        {
          "ts": "1709415819153",
          "price": "61903.5",
          "size": "27.566",
          "side": "buy",
          "tradeId": "1147938635937722369"
        },
        {
          "ts": "1709415816700",
          "price": "61903.4",
          "size": "0.002",
          "side": "sell",
          "tradeId": "1147938625649094657"
        },
        {
          "ts": "1709415816112",
          "price": "61903.4",
          "size": "19.580",
          "side": "sell",
          "tradeId": "1147938623182843905"
        },
        {
          "ts": "1709415814384",
          "price": "61903.5",
          "size": "0.015",
          "side": "buy",
          "tradeId": "1147938615935086593"
        },
        {
          "ts": "1709415806130",
          "price": "61898.2",
          "size": "0.080",
          "side": "buy",
          "tradeId": "1147938581315301377"
        },
        {
          "ts": "1709415805006",
          "price": "61898.3",
          "size": "24.618",
          "side": "buy",
          "tradeId": "1147938576600903681"
        },
        {
          "ts": "1709415802428",
          "price": "61898.3",
          "size": "0.001",
          "side": "buy",
          "tradeId": "1147938565787987969"
        },
        {
          "ts": "1709415796878",
          "price": "61894.5",
          "size": "0.481",
          "side": "buy",
          "tradeId": "1147938542509600769"
        },
        {
          "ts": "1709415794573",
          "price": "61890.8",
          "size": "0.026",
          "side": "sell",
          "tradeId": "1147938532841730049"
        },
        {
          "ts": "1709415793631",
          "price": "61894.5",
          "size": "0.003",
          "side": "buy",
          "tradeId": "1147938528890695681"
        },
        {
          "ts": "1709415792914",
          "price": "61894.0",
          "size": "33.320",
          "side": "sell",
          "tradeId": "1147938525883379713"
        },
        {
          "ts": "1709415788669",
          "price": "61892.6",
          "size": "0.011",
          "side": "sell",
          "tradeId": "1147938508078559250"
        },
        {
          "ts": "1709415787982",
          "price": "61894.5",
          "size": "0.054",
          "side": "buy",
          "tradeId": "1147938505197072384"
        },
        {
          "ts": "1709415786770",
          "price": "61892.7",
          "size": "0.012",
          "side": "buy",
          "tradeId": "1147938500113575937"
        },
        {
          "ts": "1709415783509",
          "price": "61892.0",
          "size": "0.063",
          "side": "sell",
          "tradeId": "1147938486435950593"
        },
        {
          "ts": "1709415783093",
          "price": "61894.5",
          "size": "0.015",
          "side": "buy",
          "tradeId": "1147938484691120129"
        },
        {
          "ts": "1709415782199",
          "price": "61894.5",
          "size": "0.020",
          "side": "buy",
          "tradeId": "1147938480941412383"
        },
        {
          "ts": "1709415781832",
          "price": "61892.1",
          "size": "42.556",
          "side": "buy",
          "tradeId": "1147938479402102785"
        },
        {
          "ts": "1709415781248",
          "price": "61892.1",
          "size": "0.011",
          "side": "buy",
          "tradeId": "1147938476952629249"
        },
        {
          "ts": "1709415780713",
          "price": "61892.0",
          "size": "0.100",
          "side": "sell",
          "tradeId": "1147938474708676609"
        },
        {
          "ts": "1709415780267",
          "price": "61892.1",
          "size": "0.094",
          "side": "buy",
          "tradeId": "1147938472838017025"
        },
        {
          "ts": "1709415777359",
          "price": "61892.1",
          "size": "0.004",
          "side": "buy",
          "tradeId": "1147938460640980993"
        },
        {
          "ts": "1709415770756",
          "price": "61892.0",
          "size": "45.813",
          "side": "sell",
          "tradeId": "1147938432945991681"
        },
        {
          "ts": "1709415765788",
          "price": "61897.9",
          "size": "0.001",
          "side": "buy",
          "tradeId": "1147938412108689409"
        },
        {
          "ts": "1709415764706",
          "price": "61897.9",
          "size": "0.001",
          "side": "buy",
          "tradeId": "1147938407570452481"
        },
        {
          "ts": "1709415761402",
          "price": "61898.1",
          "size": "0.017",
          "side": "buy",
          "tradeId": "1147938393712472141"
        },
        {
          "ts": "1709415761402",
          "price": "61893.1",
          "size": "0.076",
          "side": "buy",
          "tradeId": "1147938393712472138"
        },
        {
          "ts": "1709415761029",
          "price": "61893.1",
          "size": "0.088",
          "side": "buy",
          "tradeId": "1147938392147996673"
        },
        {
          "ts": "1709415759602",
          "price": "61893.1",
          "size": "0.081",
          "side": "buy",
          "tradeId": "1147938386162724870"
        },
        {
          "ts": "1709415759602",
          "price": "61893.0",
          "size": "0.009",
          "side": "buy",
          "tradeId": "1147938386162724868"
        },
        {
          "ts": "1709415759602",
          "price": "61893.0",
          "size": "0.031",
          "side": "buy",
          "tradeId": "1147938386162724865"
        },
        {
          "ts": "1709415759227",
          "price": "61893.0",
          "size": "0.049",
          "side": "buy",
          "tradeId": "1147938384589860868"
        },
        {
          "ts": "1709415759169",
          "price": "61893.0",
          "size": "7.232",
          "side": "buy",
          "tradeId": "1147938384346591233"
        },
        {
          "ts": "1709415754964",
          "price": "61895.2",
          "size": "0.061",
          "side": "buy",
          "tradeId": "1147938366709542915"
        },
        {
          "ts": "1709415753621",
          "price": "61894.2",
          "size": "16.702",
          "side": "buy",
          "tradeId": "1147938361076592704"
        },
        {
          "ts": "1709415752349",
          "price": "61894.2",
          "size": "0.001",
          "side": "buy",
          "tradeId": "1147938355741437953"
        },
        {
          "ts": "1709415751756",
          "price": "61894.1",
          "size": "0.009",
          "side": "sell",
          "tradeId": "1147938353254215681"
        },
        {
          "ts": "1709415751347",
          "price": "61894.2",
          "size": "0.046",
          "side": "buy",
          "tradeId": "1147938351538745345"
        },
        {
          "ts": "1709415751242",
          "price": "61894.2",
          "size": "0.009",
          "side": "buy",
          "tradeId": "1147938351098343425"
        },
        {
          "ts": "1709415750289",
          "price": "61886.4",
          "size": "0.200",
          "side": "buy",
          "tradeId": "1147938347101171719"
        },
        {
          "ts": "1709415750289",
          "price": "61886.4",
          "size": "0.342",
          "side": "buy",
          "tradeId": "1147938347101171717"
        },
        {
          "ts": "1709415748764",
          "price": "61886.3",
          "size": "0.012",
          "side": "sell",
          "tradeId": "1147938340704858113"
        },
        {
          "ts": "1709415747675",
          "price": "61886.3",
          "size": "0.001",
          "side": "sell",
          "tradeId": "1147938336137261057"
        },
        {
          "ts": "1709415747248",
          "price": "61886.3",
          "size": "0.002",
          "side": "sell",
          "tradeId": "1147938334346293249"
        },
        {
          "ts": "1709415747240",
          "price": "61886.4",
          "size": "0.157",
          "side": "buy",
          "tradeId": "1147938334312738817"
        },
        {
          "ts": "1709415743999",
          "price": "61886.4",
          "size": "0.001",
          "side": "buy",
          "tradeId": "1147938320718999552"
        },
        {
          "ts": "1709415742541",
          "price": "61884.8",
          "size": "7.418",
          "side": "buy",
          "tradeId": "1147938314603704321"
        },
        {
          "ts": "1709415741542",
          "price": "61884.7",
          "size": "0.017",
          "side": "sell",
          "tradeId": "1147938310413594625"
        },
        {
          "ts": "1709415741085",
          "price": "61884.8",
          "size": "0.026",
          "side": "buy",
          "tradeId": "1147938308496797697"
        },
        {
          "ts": "1709415739249",
          "price": "61884.7",
          "size": "0.039",
          "side": "sell",
          "tradeId": "1147938300796055553"
        },
        {
          "ts": "1709415738573",
          "price": "61884.8",
          "size": "0.027",
          "side": "buy",
          "tradeId": "1147938297960706049"
        },
        {
          "ts": "1709415735042",
          "price": "61885.1",
          "size": "0.031",
          "side": "buy",
          "tradeId": "1147938283150618625"
        },
        {
          "ts": "1709415735021",
          "price": "61879.8",
          "size": "0.037",
          "side": "sell",
          "tradeId": "1147938283062538243"
        },
        {
          "ts": "1709415735021",
          "price": "61879.9",
          "size": "0.043",
          "side": "sell",
          "tradeId": "1147938283062538241"
        },
        {
          "ts": "1709415734894",
          "price": "61880.2",
          "size": "0.001",
          "side": "sell",
          "tradeId": "1147938282529861633"
        },
        {
          "ts": "1709415734704",
          "price": "61879.6",
          "size": "1.145",
          "side": "sell",
          "tradeId": "1147938281732943873"
        },
        {
          "ts": "1709415734701",
          "price": "61879.6",
          "size": "0.352",
          "side": "sell",
          "tradeId": "1147938281720360964"
        },
        {
          "ts": "1709415734701",
          "price": "61879.8",
          "size": "0.549",
          "side": "sell",
          "tradeId": "1147938281720360962"
        },
        {
          "ts": "1709415734699",
          "price": "61879.8",
          "size": "0.016",
          "side": "sell",
          "tradeId": "1147938281711972353"
        },
        {
          "ts": "1709415734685",
          "price": "61879.9",
          "size": "0.006",
          "side": "sell",
          "tradeId": "1147938281653252097"
        },
        {
          "ts": "1709415734683",
          "price": "61884.3",
          "size": "0.001",
          "side": "buy",
          "tradeId": "1147938281644863489"
        },
        {
          "ts": "1709415734621",
          "price": "61880.0",
          "size": "0.083",
          "side": "sell",
          "tradeId": "1147938281384816651"
        },
        {
          "ts": "1709415734621",
          "price": "61880.0",
          "size": "0.005",
          "side": "sell",
          "tradeId": "1147938281384816649"
        },
        {
          "ts": "1709415734621",
          "price": "61881.6",
          "size": "0.003",
          "side": "sell",
          "tradeId": "1147938281384816647"
        },
        {
          "ts": "1709415734621",
          "price": "61882.3",
          "size": "0.040",
          "side": "sell",
          "tradeId": "1147938281384816645"
        },
        {
          "ts": "1709415734621",
          "price": "61883.2",
          "size": "0.004",
          "side": "sell",
          "tradeId": "1147938281384816643"
        },
        {
          "ts": "1709415734621",
          "price": "61884.2",
          "size": "0.010",
          "side": "sell",
          "tradeId": "1147938281384816641"
        },
        {
          "ts": "1709415732458",
          "price": "61885.1",
          "size": "15.853",
          "side": "buy",
          "tradeId": "1147938272312537089"
        },
        {
          "ts": "1709415730100",
          "price": "61886.3",
          "size": "0.080",
          "side": "sell",
          "tradeId": "1147938262422368293"
        },
        {
          "ts": "1709415730100",
          "price": "61886.3",
          "size": "0.245",
          "side": "sell",
          "tradeId": "1147938262422368291"
        },
        {
          "ts": "1709415727981",
          "price": "61886.3",
          "size": "0.018",
          "side": "sell",
          "tradeId": "1147938253534638081"
        },
        {
          "ts": "1709415725937",
          "price": "61886.3",
          "size": "0.005",
          "side": "sell",
          "tradeId": "1147938244961480705"
        },
        {
          "ts": "1709415725223",
          "price": "61886.3",
          "size": "0.055",
          "side": "sell",
          "tradeId": "1147938241966747695"
        },
        {
          "ts": "1709415723932",
          "price": "61886.4",
          "size": "0.001",
          "side": "buy",
          "tradeId": "1147938236551901185"
        },
        {
          "ts": "1709415723522",
          "price": "61885.9",
          "size": "0.466",
          "side": "buy",
          "tradeId": "1147938234832236585"
        },
        {
          "ts": "1709415723522",
          "price": "61885.0",
          "size": "0.040",
          "side": "buy",
          "tradeId": "1147938234832236583"
        },
        {
          "ts": "1709415722508",
          "price": "61884.9",
          "size": "0.001",
          "side": "sell",
          "tradeId": "1147938230579212289"
        },
        {
          "ts": "1709415722379",
          "price": "61886.8",
          "size": "0.001",
          "side": "sell",
          "tradeId": "1147938230038147122"
        },
        {
          "ts": "1709415721367",
          "price": "61886.9",
          "size": "8.162",
          "side": "buy",
          "tradeId": "1147938225793511425"
        },
        {
          "ts": "1709415721161",
          "price": "61887.3",
          "size": "0.002",
          "side": "sell",
          "tradeId": "1147938224929484859"
        },
        {
          "ts": "1709415721161",
          "price": "61887.3",
          "size": "0.001",
          "side": "sell",
          "tradeId": "1147938224929484857"
        },
        {
          "ts": "1709415720300",
          "price": "61887.8",
          "size": "0.001",
          "side": "sell",
          "tradeId": "1147938221318189063"
        },
        {
          "ts": "1709415720300",
          "price": "61889.0",
          "size": "1.000",
          "side": "sell",
          "tradeId": "1147938221318189061"
        },
        {
          "ts": "1709415720300",
          "price": "61894.2",
          "size": "0.040",
          "side": "sell",
          "tradeId": "1147938221318189058"
        },
        {
          "ts": "1709415720088",
          "price": "61889.0",
          "size": "0.027",
          "side": "sell",
          "tradeId": "1147938220428996608"
        },
        {
          "ts": "1709415718266",
          "price": "61889.9",
          "size": "0.001",
          "side": "sell",
          "tradeId": "1147938212786974721"
        },
        {
          "ts": "1709415716665",
          "price": "61890.4",
          "size": "0.028",
          "side": "sell",
          "tradeId": "1147938206071894017"
        },
        {
          "ts": "1709415716342",
          "price": "61890.4",
          "size": "0.077",
          "side": "sell",
          "tradeId": "1147938204717133825"
        },
        {
          "ts": "1709415713600",
          "price": "61895.2",
          "size": "0.111",
          "side": "buy",
          "tradeId": "1147938193216352260"
        },
        {
          "ts": "1709415713600",
          "price": "61895.2",
          "size": "0.123",
          "side": "buy",
          "tradeId": "1147938193216352257"
        },
        {
          "ts": "1709415712482",
          "price": "61890.0",
          "size": "0.067",
          "side": "sell",
          "tradeId": "1147938188527120396"
        },
        {
          "ts": "1709415712482",
          "price": "61891.4",
          "size": "0.002",
          "side": "sell",
          "tradeId": "1147938188527120393"
        },
        {
          "ts": "1709415712482",
          "price": "61892.9",
          "size": "0.004",
          "side": "sell",
          "tradeId": "1147938188527120391"
        },
        {
          "ts": "1709415712482",
          "price": "61894.7",
          "size": "0.003",
          "side": "sell",
          "tradeId": "1147938188527120389"
        },
        {
          "ts": "1709415712482",
          "price": "61894.7",
          "size": "0.001",
          "side": "sell",
          "tradeId": "1147938188527120387"
        },
        {
          "ts": "1709415712482",
          "price": "61895.1",
          "size": "0.003",
          "side": "sell",
          "tradeId": "1147938188527120385"
        },
        {
          "ts": "1709415709859",
          "price": "61895.2",
          "size": "0.001",
          "side": "buy",
          "tradeId": "1147938177525460993"
        },
        {
          "ts": "1709415709777",
          "price": "61895.1",
          "size": "7.981",
          "side": "sell",
          "tradeId": "1147938177181528065"
        },
        {
          "ts": "1709415704315",
          "price": "61895.3",
          "size": "0.001",
          "side": "sell",
          "tradeId": "1147938154272239617"
        },
        {
          "ts": "1709415703473",
          "price": "61900.5",
          "size": "0.004",
          "side": "sell",
          "tradeId": "1147938150740635705"
        },
        {
          "ts": "1709415703275",
          "price": "61901.9",
          "size": "0.006",
          "side": "sell",
          "tradeId": "1147938149910163462"
        },
        {
          "ts": "1709415700404",
          "price": "61908.1",
          "size": "0.019",
          "side": "buy",
          "tradeId": "1147938137868316676"
        },
        {
          "ts": "1709415700404",
          "price": "61908.1",
          "size": "0.009",
          "side": "buy",
          "tradeId": "1147938137868316673"
        },
        {
          "ts": "1709415699202",
          "price": "61908.0",
          "size": "30.042",
          "side": "buy",
          "tradeId": "1147938132826763265"
        },
        {
          "ts": "1709415698397",
          "price": "61904.5",
          "size": "0.144",
          "side": "sell",
          "tradeId": "1147938129450348549"
        },
        {
          "ts": "1709415698397",
          "price": "61906.5",
          "size": "0.040",
          "side": "sell",
          "tradeId": "1147938129450348545"
        },
        {
          "ts": "1709415697631",
          "price": "61906.6",
          "size": "0.010",
          "side": "buy",
          "tradeId": "1147938126237511681"
        },
        {
          "ts": "1709415696275",
          "price": "61902.6",
          "size": "0.010",
          "side": "sell",
          "tradeId": "1147938120550035459"
        },
        {
          "ts": "1709415696275",
          "price": "61904.5",
          "size": "0.016",
          "side": "sell",
          "tradeId": "1147938120550035457"
        },
        {
          "ts": "1709415694725",
          "price": "61904.5",
          "size": "0.012",
          "side": "sell",
          "tradeId": "1147938114048864257"
        },
        {
          "ts": "1709415692643",
          "price": "61904.6",
          "size": "47.043",
          "side": "buy",
          "tradeId": "1147938105316323329"
        },
        {
          "ts": "1709415691145",
          "price": "61904.5",
          "size": "0.014",
          "side": "sell",
          "tradeId": "1147938099033255937"
        },
        {
          "ts": "1709415689536",
          "price": "61906.5",
          "size": "0.471",
          "side": "buy",
          "tradeId": "1147938092284620801"
        },
        {
          "ts": "1709415681566",
          "price": "61905.5",
          "size": "32.017",
          "side": "buy",
          "tradeId": "1147938058856017921"
        },
        {
          "ts": "1709415676173",
          "price": "61904.5",
          "size": "0.007",
          "side": "sell",
          "tradeId": "1147938036236136449"
        },
        {
          "ts": "1709415673054",
          "price": "61902.6",
          "size": "0.506",
          "side": "sell",
          "tradeId": "1147938023154102273"
        },
        {
          "ts": "1709415670971",
          "price": "61908.0",
          "size": "36.997",
          "side": "sell",
          "tradeId": "1147938014417367041"
        },
        {
          "ts": "1709415670050",
          "price": "61908.0",
          "size": "0.016",
          "side": "sell",
          "tradeId": "1147938010554413057"
        },
        {
          "ts": "1709415669387",
          "price": "61908.0",
          "size": "0.020",
          "side": "sell",
          "tradeId": "1147938007773589506"
        },
        {
          "ts": "1709415665645",
          "price": "61897.8",
          "size": "0.130",
          "side": "sell",
          "tradeId": "1147937992078503967"
        },
        {
          "ts": "1709415665645",
          "price": "61897.8",
          "size": "0.001",
          "side": "sell",
          "tradeId": "1147937992078503963"
        },
        {
          "ts": "1709415665645",
          "price": "61898.0",
          "size": "0.123",
          "side": "sell",
          "tradeId": "1147937992078503959"
        },
        {
          "ts": "1709415665645",
          "price": "61898.4",
          "size": "0.565",
          "side": "sell",
          "tradeId": "1147937992078503955"
        },
        {
          "ts": "1709415665645",
          "price": "61899.0",
          "size": "0.001",
          "side": "sell",
          "tradeId": "1147937992078503951"
        },
        {
          "ts": "1709415665645",
          "price": "61899.1",
          "size": "0.003",
          "side": "sell",
          "tradeId": "1147937992078503947"
        },
        {
          "ts": "1709415665645",
          "price": "61900.0",
          "size": "0.200",
          "side": "sell",
          "tradeId": "1147937992078503943"
        },
        {
          "ts": "1709415665645",
          "price": "61900.5",
          "size": "0.100",
          "side": "sell",
          "tradeId": "1147937992078503938"
        },
        {
          "ts": "1709415665475",
          "price": "61900.6",
          "size": "1.000",
          "side": "buy",
          "tradeId": "1147937991365472257"
        },
        {
          "ts": "1709415663876",
          "price": "61900.6",
          "size": "0.009",
          "side": "buy",
          "tradeId": "1147937984658780161"
        },
        {
          "ts": "1709415662482",
          "price": "61900.5",
          "size": "0.010",
          "side": "sell",
          "tradeId": "1147937978811920385"
        },
        {
          "ts": "1709415660393",
          "price": "61900.6",
          "size": "19.575",
          "side": "buy",
          "tradeId": "1147937970050019330"
        },
        {
          "ts": "1709415657068",
          "price": "61900.5",
          "size": "0.032",
          "side": "sell",
          "tradeId": "1147937956103958534"
        },
        {
          "ts": "1709415657068",
          "price": "61900.5",
          "size": "0.046",
          "side": "sell",
          "tradeId": "1147937956103958532"
        },
        {
          "ts": "1709415657068",
          "price": "61900.5",
          "size": "0.002",
          "side": "sell",
          "tradeId": "1147937956103958529"
        },
        {
          "ts": "1709415656648",
          "price": "61900.5",
          "size": "0.004",
          "side": "sell",
          "tradeId": "1147937954342350849"
        },
        {
          "ts": "1709415656197",
          "price": "61900.5",
          "size": "0.031",
          "side": "sell",
          "tradeId": "1147937952450719745"
        },
        {
          "ts": "1709415652762",
          "price": "61900.5",
          "size": "0.107",
          "side": "sell",
          "tradeId": "1147937938043285505"
        },
        {
          "ts": "1709415650887",
          "price": "61900.5",
          "size": "0.001",
          "side": "sell",
          "tradeId": "1147937930178965505"
        },
        {
          "ts": "1709415649814",
          "price": "61900.5",
          "size": "32.171",
          "side": "sell",
          "tradeId": "1147937925678477313"
        },
        {
          "ts": "1709415645335",
          "price": "61900.6",
          "size": "0.009",
          "side": "buy",
          "tradeId": "1147937906892189697"
        },
        {
          "ts": "1709415640901",
          "price": "61906.4",
          "size": "0.033",
          "side": "buy",
          "tradeId": "1147937888294645761"
        },
        {
          "ts": "1709415640697",
          "price": "61906.4",
          "size": "0.076",
          "side": "buy",
          "tradeId": "1147937887439007745"
        },
        {
          "ts": "1709415640075",
          "price": "61906.4",
          "size": "0.022",
          "side": "buy",
          "tradeId": "1147937884830150657"
        },
        {
          "ts": "1709415639232",
          "price": "61905.0",
          "size": "22.277",
          "side": "buy",
          "tradeId": "1147937881294352385"
        },
        {
          "ts": "1709415636522",
          "price": "61906.4",
          "size": "0.471",
          "side": "buy",
          "tradeId": "1147937869927788550"
        },
        {
          "ts": "1709415636522",
          "price": "61905.9",
          "size": "0.984",
          "side": "buy",
          "tradeId": "1147937869927788548"
        },
        {
          "ts": "1709415636522",
          "price": "61905.5",
          "size": "0.268",
          "side": "buy",
          "tradeId": "1147937869927788545"
        },
        {
          "ts": "1709415635796",
          "price": "61902.8",
          "size": "0.001",
          "side": "buy",
          "tradeId": "1147937866882723841"
        },
        {
          "ts": "1709415635758",
          "price": "61900.9",
          "size": "0.008",
          "side": "sell",
          "tradeId": "1147937866723340289"
        },
        {
          "ts": "1709415632677",
          "price": "61919.5",
          "size": "26.756",
          "side": "sell",
          "tradeId": "1147937853800689665"
        },
        {
          "ts": "1709415630332",
          "price": "61917.0",
          "size": "0.001",
          "side": "sell",
          "tradeId": "1147937843965046785"
        },
        {
          "ts": "1709415626581",
          "price": "61917.0",
          "size": "0.001",
          "side": "sell",
          "tradeId": "1147937828232212480"
        },
        {
          "ts": "1709415625115",
          "price": "61923.8",
          "size": "0.519",
          "side": "sell",
          "tradeId": "1147937822083362877"
        },
        {
          "ts": "1709415622165",
          "price": "61925.4",
          "size": "0.012",
          "side": "buy",
          "tradeId": "1147937809710166017"
        },
        {
          "ts": "1709415621974",
          "price": "61925.4",
          "size": "0.007",
          "side": "buy",
          "tradeId": "1147937808909053953"
        },
        {
          "ts": "1709415621584",
          "price": "61925.5",
          "size": "30.612",
          "side": "buy",
          "tradeId": "1147937807273275393"
        },
        {
          "ts": "1709415621448",
          "price": "61929.8",
          "size": "1.000",
          "side": "sell",
          "tradeId": "1147937806702850087"
        },
        {
          "ts": "1709415621448",
          "price": "61929.9",
          "size": "0.268",
          "side": "sell",
          "tradeId": "1147937806702850085"
        },
        {
          "ts": "1709415618702",
          "price": "61930.0",
          "size": "0.125",
          "side": "buy",
          "tradeId": "1147937795185291265"
        },
        {
          "ts": "1709415618618",
          "price": "61930.0",
          "size": "0.060",
          "side": "buy",
          "tradeId": "1147937794832969730"
        },
        {
          "ts": "1709415615523",
          "price": "61929.2",
          "size": "0.001",
          "side": "sell",
          "tradeId": "1147937781851598849"
        },
        {
          "ts": "1709415611001",
          "price": "61924.0",
          "size": "18.626",
          "side": "buy",
          "tradeId": "1147937762884956161"
        },
        {
          "ts": "1709415610949",
          "price": "61929.1",
          "size": "0.025",
          "side": "buy",
          "tradeId": "1147937762666852353"
        },
        {
          "ts": "1709415607155",
          "price": "61929.1",
          "size": "0.001",
          "side": "buy",
          "tradeId": "1147937746753662977"
        },
        {
          "ts": "1709415605744",
          "price": "61925.5",
          "size": "0.001",
          "side": "sell",
          "tradeId": "1147937740835500033"
        },
        {
          "ts": "1709415605686",
          "price": "61929.1",
          "size": "0.263",
          "side": "buy",
          "tradeId": "1147937740592230441"
        },
        {
          "ts": "1709415602480",
          "price": "61923.0",
          "size": "0.001",
          "side": "buy",
          "tradeId": "1147937727145291777"
        },
        {
          "ts": "1709415600918",
          "price": "61921.0",
          "size": "17.386",
          "side": "buy",
          "tradeId": "1147937720593788929"
        },
        {
          "ts": "1709415600718",
          "price": "61920.9",
          "size": "0.002",
          "side": "sell",
          "tradeId": "1147937719754928136"
        },
        {
          "ts": "1709415600604",
          "price": "61921.0",
          "size": "0.091",
          "side": "buy",
          "tradeId": "1147937719276777474"
        },
        {
          "ts": "1709415596489",
          "price": "61911.9",
          "size": "0.070",
          "side": "buy",
          "tradeId": "1147937702017216513"
        },
        {
          "ts": "1709415589824",
          "price": "61909.0",
          "size": "16.092",
          "side": "buy",
          "tradeId": "1147937674062180353"
        },
        {
          "ts": "1709415589817",
          "price": "61909.2",
          "size": "0.001",
          "side": "buy",
          "tradeId": "1147937674032820346"
        },
        {
          "ts": "1709415589743",
          "price": "61909.2",
          "size": "0.025",
          "side": "buy",
          "tradeId": "1147937673722441729"
        },
        {
          "ts": "1709415582847",
          "price": "61917.0",
          "size": "0.112",
          "side": "sell",
          "tradeId": "1147937644798521345"
        },
        {
          "ts": "1709415582843",
          "price": "61917.0",
          "size": "0.007",
          "side": "sell",
          "tradeId": "1147937644781744129"
        },
        {
          "ts": "1709415582841",
          "price": "61917.0",
          "size": "0.031",
          "side": "sell",
          "tradeId": "1147937644773355521"
        },
        {
          "ts": "1709415582840",
          "price": "61917.0",
          "size": "0.026",
          "side": "sell",
          "tradeId": "1147937644769161217"
        },
        {
          "ts": "1709415582837",
          "price": "61917.0",
          "size": "0.138",
          "side": "sell",
          "tradeId": "1147937644756578305"
        },
        {
          "ts": "1709415582768",
          "price": "61917.0",
          "size": "0.005",
          "side": "sell",
          "tradeId": "1147937644467171329"
        },
        {
          "ts": "1709415581297",
          "price": "61917.0",
          "size": "0.001",
          "side": "sell",
          "tradeId": "1147937638297350145"
        },
        {
          "ts": "1709415579224",
          "price": "61923.0",
          "size": "11.756",
          "side": "buy",
          "tradeId": "1147937629602557953"
        },
        {
          "ts": "1709415578044",
          "price": "61924.7",
          "size": "0.002",
          "side": "buy",
          "tradeId": "1147937624653279233"
        },
        {
          "ts": "1709415573162",
          "price": "61919.5",
          "size": "5.414",
          "side": "sell",
          "tradeId": "1147937604176687105"
        },
        {
          "ts": "1709415569952",
          "price": "61924.6",
          "size": "0.001",
          "side": "buy",
          "tradeId": "1147937590712971265"
        },
        {
          "ts": "1709415567718",
          "price": "61924.8",
          "size": "0.001",
          "side": "buy",
          "tradeId": "1147937581342896129"
        },
        {
          "ts": "1709415567655",
          "price": "61924.8",
          "size": "0.028",
          "side": "buy",
          "tradeId": "1147937581078654979"
        },
        {
          "ts": "1709415567655",
          "price": "61924.0",
          "size": "0.033",
          "side": "buy",
          "tradeId": "1147937581078654977"
        },
        {
          "ts": "1709415566724",
          "price": "61919.6",
          "size": "0.089",
          "side": "sell",
          "tradeId": "1147937577173757957"
        },
        {
          "ts": "1709415566724",
          "price": "61921.3",
          "size": "0.036",
          "side": "sell",
          "tradeId": "1147937577173757953"
        },
        {
          "ts": "1709415561676",
          "price": "61924.0",
          "size": "0.005",
          "side": "sell",
          "tradeId": "1147937556000911361"
        },
        {
          "ts": "1709415561574",
          "price": "61926.5",
          "size": "7.489",
          "side": "buy",
          "tradeId": "1147937555573092353"
        },
        {
          "ts": "1709415559757",
          "price": "61926.9",
          "size": "0.001",
          "side": "buy",
          "tradeId": "1147937547952041985"
        },
        {
          "ts": "1709415557503",
          "price": "61929.3",
          "size": "0.167",
          "side": "buy",
          "tradeId": "1147937538498080769"
        },
        {
          "ts": "1709415551756",
          "price": "61929.3",
          "size": "0.019",
          "side": "buy",
          "tradeId": "1147937514393415681"
        },
        {
          "ts": "1709415550983",
          "price": "61926.0",
          "size": "10.900",
          "side": "sell",
          "tradeId": "1147937511151218689"
        },
        {
          "ts": "1709415545668",
          "price": "61924.3",
          "size": "0.006",
          "side": "sell",
          "tradeId": "1147937488858492928"
        },
        {
          "ts": "1709415540415",
          "price": "61924.5",
          "size": "12.432",
          "side": "buy",
          "tradeId": "1147937466825814017"
        },
        {
          "ts": "1709415539495",
          "price": "61924.4",
          "size": "0.004",
          "side": "sell",
          "tradeId": "1147937462967054337"
        },
        {
          "ts": "1709415535651",
          "price": "61928.7",
          "size": "0.006",
          "side": "sell",
          "tradeId": "1147937446844149761"
        },
        {
          "ts": "1709415534288",
          "price": "61929.8",
          "size": "0.191",
          "side": "buy",
          "tradeId": "1147937441127313409"
        },
        {
          "ts": "1709415531867",
          "price": "61929.8",
          "size": "0.685",
          "side": "buy",
          "tradeId": "1147937430972903428"
        },
        {
          "ts": "1709415531867",
          "price": "61928.8",
          "size": "0.039",
          "side": "buy",
          "tradeId": "1147937430972903425"
        },
        {
          "ts": "1709415528830",
          "price": "61928.7",
          "size": "5.183",
          "side": "sell",
          "tradeId": "1147937418234802177"
        },
        {
          "ts": "1709415528008",
          "price": "61929.8",
          "size": "0.574",
          "side": "buy",
          "tradeId": "1147937414787084297"
        },
        {
          "ts": "1709415528008",
          "price": "61928.8",
          "size": "0.033",
          "side": "buy",
          "tradeId": "1147937414787084295"
        },
        {
          "ts": "1709415528008",
          "price": "61928.8",
          "size": "0.061",
          "side": "buy",
          "tradeId": "1147937414787084293"
        },
        {
          "ts": "1709415528008",
          "price": "61928.8",
          "size": "0.060",
          "side": "buy",
          "tradeId": "1147937414787084291"
        },
        {
          "ts": "1709415528008",
          "price": "61928.8",
          "size": "0.049",
          "side": "buy",
          "tradeId": "1147937414787084289"
        },
        {
          "ts": "1709415527564",
          "price": "61928.8",
          "size": "0.001",
          "side": "buy",
          "tradeId": "1147937412924813313"
        },
        {
          "ts": "1709415526118",
          "price": "61928.7",
          "size": "0.004",
          "side": "sell",
          "tradeId": "1147937406859849730"
        },
        {
          "ts": "1709415520460",
          "price": "61925.1",
          "size": "0.001",
          "side": "buy",
          "tradeId": "1147937383128477697"
        },
        {
          "ts": "1709415519253",
          "price": "61925.1",
          "size": "47.153",
          "side": "buy",
          "tradeId": "1147937378065952769"
        },
        {
          "ts": "1709415516422",
          "price": "61925.1",
          "size": "0.273",
          "side": "buy",
          "tradeId": "1147937366191878147"
        },
        {
          "ts": "1709415516422",
          "price": "61922.0",
          "size": "0.028",
          "side": "buy",
          "tradeId": "1147937366191878145"
        },
        {
          "ts": "1709415515211",
          "price": "61921.9",
          "size": "35.975",
          "side": "sell",
          "tradeId": "1147937361112576001"
        },
        {
          "ts": "1709415513419",
          "price": "61922.0",
          "size": "0.001",
          "side": "buy",
          "tradeId": "1147937353596383233"
        },
        {
          "ts": "1709415513306",
          "price": "61922.0",
          "size": "0.005",
          "side": "buy",
          "tradeId": "1147937353122426881"
        },
        {
          "ts": "1709415511287",
          "price": "61920.6",
          "size": "0.088",
          "side": "buy",
          "tradeId": "1147937344654127105"
        },
        {
          "ts": "1709415510303",
          "price": "61920.5",
          "size": "0.179",
          "side": "buy",
          "tradeId": "1147937340526931969"
        },
        {
          "ts": "1709415509360",
          "price": "61916.2",
          "size": "0.092",
          "side": "buy",
          "tradeId": "1147937336571703297"
        },
        {
          "ts": "1709415507097",
          "price": "61920.4",
          "size": "0.043",
          "side": "buy",
          "tradeId": "1147937327079993349"
        },
        {
          "ts": "1709415507097",
          "price": "61920.4",
          "size": "0.005",
          "side": "buy",
          "tradeId": "1147937327079993345"
        },
        {
          "ts": "1709415506514",
          "price": "61920.4",
          "size": "0.001",
          "side": "buy",
          "tradeId": "1147937324634714113"
        },
        {
          "ts": "1709415504787",
          "price": "61908.7",
          "size": "0.356",
          "side": "buy",
          "tradeId": "1147937317391151111"
        },
        {
          "ts": "1709415504787",
          "price": "61908.6",
          "size": "0.276",
          "side": "buy",
          "tradeId": "1147937317391151109"
        },
        {
          "ts": "1709415504787",
          "price": "61908.5",
          "size": "0.245",
          "side": "buy",
          "tradeId": "1147937317391151107"
        },
        {
          "ts": "1709415504787",
          "price": "61908.5",
          "size": "0.123",
          "side": "buy",
          "tradeId": "1147937317391151105"
        },
        {
          "ts": "1709415504232",
          "price": "61900.0",
          "size": "0.196",
          "side": "buy",
          "tradeId": "1147937315063312386"
        },
        {
          "ts": "1709415503405",
          "price": "61899.4",
          "size": "0.007",
          "side": "sell",
          "tradeId": "1147937311594622977"
        },
        {
          "ts": "1709415503112",
          "price": "61902.5",
          "size": "37.240",
          "side": "buy",
          "tradeId": "1147937310365691905"
        },
        {
          "ts": "1709415502195",
          "price": "61899.3",
          "size": "0.003",
          "side": "sell",
          "tradeId": "1147937306519515139"
        },
        {
          "ts": "1709415502193",
          "price": "61899.3",
          "size": "0.526",
          "side": "sell",
          "tradeId": "1147937306511126531"
        },
        {
          "ts": "1709415502193",
          "price": "61899.3",
          "size": "1.382",
          "side": "sell",
          "tradeId": "1147937306511126529"
        },
        {
          "ts": "1709415502192",
          "price": "61904.3",
          "size": "0.015",
          "side": "buy",
          "tradeId": "1147937306506932224"
        },
        {
          "ts": "1709415502190",
          "price": "61899.3",
          "size": "0.202",
          "side": "sell",
          "tradeId": "1147937306498543617"
        },
        {
          "ts": "1709415502188",
          "price": "61899.3",
          "size": "0.017",
          "side": "sell",
          "tradeId": "1147937306490155009"
        },
        {
          "ts": "1709415502187",
          "price": "61899.3",
          "size": "0.399",
          "side": "sell",
          "tradeId": "1147937306485960719"
        },
        {
          "ts": "1709415502187",
          "price": "61899.3",
          "size": "0.041",
          "side": "sell",
          "tradeId": "1147937306485960716"
        },
        {
          "ts": "1709415502187",
          "price": "61900.0",
          "size": "0.102",
          "side": "sell",
          "tradeId": "1147937306485960713"
        },
        {
          "ts": "1709415502187",
          "price": "61900.0",
          "size": "0.100",
          "side": "sell",
          "tradeId": "1147937306485960709"
        },
        {
          "ts": "1709415502187",
          "price": "61900.0",
          "size": "0.008",
          "side": "sell",
          "tradeId": "1147937306485960707"
        },
        {
          "ts": "1709415502187",
          "price": "61900.0",
          "size": "0.012",
          "side": "sell",
          "tradeId": "1147937306485960705"
        },
        {
          "ts": "1709415502185",
          "price": "61900.0",
          "size": "0.036",
          "side": "sell",
          "tradeId": "1147937306477572097"
        },
        {
          "ts": "1709415502174",
          "price": "61900.0",
          "size": "0.003",
          "side": "sell",
          "tradeId": "1147937306431434753"
        },
        {
          "ts": "1709415502113",
          "price": "61900.0",
          "size": "0.002",
          "side": "sell",
          "tradeId": "1147937306175582211"
        },
        {
          "ts": "1709415502113",
          "price": "61900.0",
          "size": "0.001",
          "side": "sell",
          "tradeId": "1147937306175582209"
        },
        {
          "ts": "1709415498243",
          "price": "61900.1",
          "size": "0.597",
          "side": "sell",
          "tradeId": "1147937289943625739"
        },
        {
          "ts": "1709415498243",
          "price": "61902.5",
          "size": "0.123",
          "side": "sell",
          "tradeId": "1147937289943625737"
        },
        {
          "ts": "1709415498243",
          "price": "61903.2",
          "size": "0.058",
          "side": "sell",
          "tradeId": "1147937289943625735"
        },
        {
          "ts": "1709415498243",
          "price": "61903.8",
          "size": "0.008",
          "side": "sell",
          "tradeId": "1147937289943625733"
        },
        {
          "ts": "1709415498243",
          "price": "61904.4",
          "size": "0.049",
          "side": "sell",
          "tradeId": "1147937289943625731"
        },
        {
          "ts": "1709415498243",
          "price": "61904.4",
          "size": "0.058",
          "side": "sell",
          "tradeId": "1147937289943625729"
        },
        {
          "ts": "1709415498085",
          "price": "61904.6",
          "size": "0.032",
          "side": "sell",
          "tradeId": "1147937289280925697"
        },
        {
          "ts": "1709415496540",
          "price": "61904.4",
          "size": "2.393",
          "side": "buy",
          "tradeId": "1147937282800726020"
        },
        {
          "ts": "1709415496540",
          "price": "61904.4",
          "size": "0.386",
          "side": "buy",
          "tradeId": "1147937282800726017"
        },
        {
          "ts": "1709415495688",
          "price": "61901.7",
          "size": "0.100",
          "side": "sell",
          "tradeId": "1147937279227179009"
        },
        {
          "ts": "1709415492034",
          "price": "61901.9",
          "size": "42.823",
          "side": "buy",
          "tradeId": "1147937263901192193"
        },
        {
          "ts": "1709415491325",
          "price": "61901.8",
          "size": "0.002",
          "side": "sell",
          "tradeId": "1147937260927430657"
        },
        {
          "ts": "1709415490200",
          "price": "61901.8",
          "size": "0.050",
          "side": "sell",
          "tradeId": "1147937256208838657"
        },
        {
          "ts": "1709415488150",
          "price": "61903.2",
          "size": "0.034",
          "side": "sell",
          "tradeId": "1147937247610515461"
        },
        {
          "ts": "1709415488150",
          "price": "61904.6",
          "size": "0.015",
          "side": "sell",
          "tradeId": "1147937247610515456"
        },
        {
          "ts": "1709415487795",
          "price": "61904.6",
          "size": "0.017",
          "side": "sell",
          "tradeId": "1147937246121537539"
        },
        {
          "ts": "1709415486566",
          "price": "61903.8",
          "size": "0.268",
          "side": "buy",
          "tradeId": "1147937240966737921"
        },
        {
          "ts": "1709415485477",
          "price": "61904.6",
          "size": "0.001",
          "side": "sell",
          "tradeId": "1147937236399140865"
        },
        {
          "ts": "1709415485065",
          "price": "61904.7",
          "size": "0.005",
          "side": "buy",
          "tradeId": "1147937234671087617"
        },
        {
          "ts": "1709415481205",
          "price": "61904.7",
          "size": "0.163",
          "side": "sell",
          "tradeId": "1147937218481074179"
        },
        {
          "ts": "1709415481205",
          "price": "61905.5",
          "size": "0.268",
          "side": "sell",
          "tradeId": "1147937218481074177"
        },
        {
          "ts": "1709415480950",
          "price": "61906.0",
          "size": "23.414",
          "side": "buy",
          "tradeId": "1147937217411526657"
        },
        {
          "ts": "1709415480824",
          "price": "61908.7",
          "size": "1.646",
          "side": "buy",
          "tradeId": "1147937216883044355"
        },
        {
          "ts": "1709415480824",
          "price": "61905.6",
          "size": "0.206",
          "side": "buy",
          "tradeId": "1147937216883044353"
        },
        {
          "ts": "1709415477318",
          "price": "61908.7",
          "size": "0.117",
          "side": "buy",
          "tradeId": "1147937202177814529"
        },
        {
          "ts": "1709415476446",
          "price": "61904.7",
          "size": "0.001",
          "side": "sell",
          "tradeId": "1147937198520381441"
        },
        {
          "ts": "1709415474504",
          "price": "61904.6",
          "size": "0.001",
          "side": "sell",
          "tradeId": "1147937190375043073"
        },
        {
          "ts": "1709415471425",
          "price": "61910.9",
          "size": "0.070",
          "side": "sell",
          "tradeId": "1147937177460781058"
        },
        {
          "ts": "1709415469354",
          "price": "61911.0",
          "size": "28.202",
          "side": "sell",
          "tradeId": "1147937168774377473"
        },
        {
          "ts": "1709415469336",
          "price": "61916.2",
          "size": "0.129",
          "side": "buy",
          "tradeId": "1147937168698880009"
        },
        {
          "ts": "1709415469336",
          "price": "61914.3",
          "size": "0.027",
          "side": "buy",
          "tradeId": "1147937168698880005"
        },
        {
          "ts": "1709415469336",
          "price": "61914.2",
          "size": "0.123",
          "side": "buy",
          "tradeId": "1147937168698880001"
        },
        {
          "ts": "1709415466036",
          "price": "61914.3",
          "size": "0.035",
          "side": "sell",
          "tradeId": "1147937154857676801"
        },
        {
          "ts": "1709415465276",
          "price": "61914.4",
          "size": "0.001",
          "side": "buy",
          "tradeId": "1147937151670005761"
        },
        {
          "ts": "1709415463582",
          "price": "61914.3",
          "size": "0.004",
          "side": "sell",
          "tradeId": "1147937144564854785"
        },
        {
          "ts": "1709415463191",
          "price": "61914.4",
          "size": "0.001",
          "side": "buy",
          "tradeId": "1147937142924881921"
        },
        {
          "ts": "1709415461583",
          "price": "61915.0",
          "size": "0.006",
          "side": "sell",
          "tradeId": "1147937136180441089"
        },
        {
          "ts": "1709415461472",
          "price": "61915.0",
          "size": "0.024",
          "side": "sell",
          "tradeId": "1147937135714873345"
        },
        {
          "ts": "1709415459271",
          "price": "61915.1",
          "size": "19.466",
          "side": "buy",
          "tradeId": "1147937126483210241"
        },
        {
          "ts": "1709415458341",
          "price": "61915.1",
          "size": "0.489",
          "side": "buy",
          "tradeId": "1147937122582507521"
        },
        {
          "ts": "1709415458223",
          "price": "61912.2",
          "size": "0.248",
          "side": "sell",
          "tradeId": "1147937122087579650"
        },
        {
          "ts": "1709415458128",
          "price": "61909.6",
          "size": "0.021",
          "side": "sell",
          "tradeId": "1147937121689120769"
        },
        {
          "ts": "1709415453711",
          "price": "61908.3",
          "size": "33.930",
          "side": "buy",
          "tradeId": "1147937103162880090"
        },
        {
          "ts": "1709415452725",
          "price": "61908.2",
          "size": "0.016",
          "side": "sell",
          "tradeId": "1147937099027296257"
        },
        {
          "ts": "1709415452668",
          "price": "61908.2",
          "size": "0.019",
          "side": "sell",
          "tradeId": "1147937098788220949"
        },
        {
          "ts": "1709415446991",
          "price": "61905.0",
          "size": "0.015",
          "side": "sell",
          "tradeId": "1147937074977157181"
        },
        {
          "ts": "1709415446954",
          "price": "61905.0",
          "size": "0.015",
          "side": "sell",
          "tradeId": "1147937074821967873"
        },
        {
          "ts": "1709415446461",
          "price": "61905.1",
          "size": "0.926",
          "side": "buy",
          "tradeId": "1147937072754176001"
        },
        {
          "ts": "1709415445862",
          "price": "61905.0",
          "size": "0.004",
          "side": "sell",
          "tradeId": "1147937070241787921"
        },
        {
          "ts": "1709415443113",
          "price": "61902.8",
          "size": "15.562",
          "side": "buy",
          "tradeId": "1147937058711646209"
        },
        {
          "ts": "1709415442483",
          "price": "61902.8",
          "size": "0.010",
          "side": "buy",
          "tradeId": "1147937056069234689"
        },
        {
          "ts": "1709415441068",
          "price": "61902.8",
          "size": "0.047",
          "side": "buy",
          "tradeId": "1147937050134294529"
        },
        {
          "ts": "1709415434240",
          "price": "61902.5",
          "size": "0.004",
          "side": "buy",
          "tradeId": "1147937021495586817"
        },
        {
          "ts": "1709415433136",
          "price": "61905.0",
          "size": "0.003",
          "side": "sell",
          "tradeId": "1147937016865075272"
        },
        {
          "ts": "1709415433136",
          "price": "61905.0",
          "size": "1.081",
          "side": "sell",
          "tradeId": "1147937016865075269"
        },
        {
          "ts": "1709415432530",
          "price": "61905.0",
          "size": "17.860",
          "side": "sell",
          "tradeId": "1147937014323326977"
        },
        {
          "ts": "1709415432521",
          "price": "61908.2",
          "size": "0.050",
          "side": "sell",
          "tradeId": "1147937014285578295"
        },
        {
          "ts": "1709415432117",
          "price": "61910.8",
          "size": "0.031",
          "side": "sell",
          "tradeId": "1147937012591079429"
        },
        {
          "ts": "1709415432024",
          "price": "61911.4",
          "size": "0.001",
          "side": "buy",
          "tradeId": "1147937012201009199"
        },
        {
          "ts": "1709415432023",
          "price": "61911.8",
          "size": "0.001",
          "side": "sell",
          "tradeId": "1147937012196814905"
        },
        {
          "ts": "1709415431967",
          "price": "61913.1",
          "size": "0.001",
          "side": "sell",
          "tradeId": "1147937011961933885"
        },
        {
          "ts": "1709415430178",
          "price": "61915.9",
          "size": "0.001",
          "side": "sell",
          "tradeId": "1147937004458323973"
        },
        {
          "ts": "1709415429135",
          "price": "61916.0",
          "size": "0.041",
          "side": "buy",
          "tradeId": "1147937000083664898"
        },
        {
          "ts": "1709415426893",
          "price": "61922.0",
          "size": "0.014",
          "side": "buy",
          "tradeId": "1147936990680035329"
        },
        {
          "ts": "1709415422589",
          "price": "61920.4",
          "size": "1.279",
          "side": "buy",
          "tradeId": "1147936972627750918"
        },
        {
          "ts": "1709415422589",
          "price": "61920.0",
          "size": "0.009",
          "side": "buy",
          "tradeId": "1147936972627750915"
        },
        {
          "ts": "1709415422589",
          "price": "61916.9",
          "size": "0.564",
          "side": "buy",
          "tradeId": "1147936972627750913"
        },
        {
          "ts": "1709415421935",
          "price": "61915.1",
          "size": "15.930",
          "side": "sell",
          "tradeId": "1147936969884676097"
        },
        {
          "ts": "1709415410826",
          "price": "61915.2",
          "size": "16.650",
          "side": "buy",
          "tradeId": "1147936923290152961"
        },
        {
          "ts": "1709415405236",
          "price": "61915.1",
          "size": "0.019",
          "side": "sell",
          "tradeId": "1147936899843993601"
        },
        {
          "ts": "1709415399227",
          "price": "61915.1",
          "size": "44.377",
          "side": "sell",
          "tradeId": "1147936874640420865"
        },
        {
          "ts": "1709415396410",
          "price": "61916.9",
          "size": "0.001",
          "side": "buy",
          "tradeId": "1147936862825066584"
        },
        {
          "ts": "1709415393177",
          "price": "61915.5",
          "size": "40.790",
          "side": "buy",
          "tradeId": "1147936849264881665"
        },
        {
          "ts": "1709415391530",
          "price": "61916.0",
          "size": "0.015",
          "side": "buy",
          "tradeId": "1147936842356862980"
        },
        {
          "ts": "1709415391530",
          "price": "61915.2",
          "size": "0.276",
          "side": "buy",
          "tradeId": "1147936842356862977"
        },
        {
          "ts": "1709415389762",
          "price": "61915.0",
          "size": "0.158",
          "side": "sell",
          "tradeId": "1147936834941333505"
        },
        {
          "ts": "1709415388731",
          "price": "61916.2",
          "size": "0.009",
          "side": "sell",
          "tradeId": "1147936830617006081"
        },
        {
          "ts": "1709415387847",
          "price": "61916.3",
          "size": "0.001",
          "side": "sell",
          "tradeId": "1147936826909241345"
        },
        {
          "ts": "1709415382587",
          "price": "61916.8",
          "size": "33.609",
          "side": "buy",
          "tradeId": "1147936804847202307"
        },
        {
          "ts": "1709415375350",
          "price": "61923.8",
          "size": "0.032",
          "side": "sell",
          "tradeId": "1147936774493024257"
        },
        {
          "ts": "1709415374174",
          "price": "61923.9",
          "size": "0.082",
          "side": "sell",
          "tradeId": "1147936769560522753"
        },
        {
          "ts": "1709415372602",
          "price": "61924.1",
          "size": "0.226",
          "side": "sell",
          "tradeId": "1147936762967076886"
        },
        {
          "ts": "1709415372508",
          "price": "61924.5",
          "size": "42.803",
          "side": "sell",
          "tradeId": "1147936762572812289"
        },
        {
          "ts": "1709415368923",
          "price": "61924.7",
          "size": "0.006",
          "side": "buy",
          "tradeId": "1147936747536232449"
        },
        {
          "ts": "1709415361611",
          "price": "61924.7",
          "size": "0.034",
          "side": "buy",
          "tradeId": "1147936716867481600"
        },
        {
          "ts": "1709415360915",
          "price": "61924.7",
          "size": "20.434",
          "side": "buy",
          "tradeId": "1147936713948246017"
        },
        {
          "ts": "1709415356478",
          "price": "61921.8",
          "size": "0.039",
          "side": "buy",
          "tradeId": "1147936695338119169"
        },
        {
          "ts": "1709415355471",
          "price": "61925.4",
          "size": "0.002",
          "side": "sell",
          "tradeId": "1147936691114455041"
        },
        {
          "ts": "1709415355424",
          "price": "61925.4",
          "size": "0.002",
          "side": "sell",
          "tradeId": "1147936690917322753"
        },
        {
          "ts": "1709415354855",
          "price": "61925.4",
          "size": "0.003",
          "side": "sell",
          "tradeId": "1147936688530763778"
        },
        {
          "ts": "1709415352323",
          "price": "61926.2",
          "size": "0.001",
          "side": "sell",
          "tradeId": "1147936677910786049"
        },
        {
          "ts": "1709415352280",
          "price": "61926.2",
          "size": "0.001",
          "side": "sell",
          "tradeId": "1147936677730431018"
        },
        {
          "ts": "1709415349328",
          "price": "61928.7",
          "size": "30.437",
          "side": "buy",
          "tradeId": "1147936665348845569"
        },
        {
          "ts": "1709415348229",
          "price": "61928.1",
          "size": "0.024",
          "side": "sell",
          "tradeId": "1147936660739305473"
        },
        {
          "ts": "1709415347385",
          "price": "61928.0",
          "size": "0.082",
          "side": "sell",
          "tradeId": "1147936657199312897"
        },
        {
          "ts": "1709415347299",
          "price": "61928.0",
          "size": "2.050",
          "side": "sell",
          "tradeId": "1147936656838602753"
        },
        {
          "ts": "1709415347088",
          "price": "61932.0",
          "size": "0.001",
          "side": "buy",
          "tradeId": "1147936655953604609"
        },
        {
          "ts": "1709415343772",
          "price": "61938.2",
          "size": "0.112",
          "side": "buy",
          "tradeId": "1147936642045292545"
        },
        {
          "ts": "1709415341662",
          "price": "61936.9",
          "size": "0.376",
          "side": "sell",
          "tradeId": "1147936633195311105"
        },
        {
          "ts": "1709415340427",
          "price": "61941.3",
          "size": "0.001",
          "side": "sell",
          "tradeId": "1147936628015345665"
        },
        {
          "ts": "1709415339401",
          "price": "61941.4",
          "size": "0.002",
          "side": "sell",
          "tradeId": "1147936623711989761"
        },
        {
          "ts": "1709415339258",
          "price": "61943.5",
          "size": "23.042",
          "side": "buy",
          "tradeId": "1147936623112204289"
        },
        {
          "ts": "1709415338407",
          "price": "61943.8",
          "size": "0.005",
          "side": "buy",
          "tradeId": "1147936619542851585"
        },
        {
          "ts": "1709415334449",
          "price": "61946.7",
          "size": "0.001",
          "side": "buy",
          "tradeId": "1147936602941796353"
        },
        {
          "ts": "1709415334379",
          "price": "61941.8",
          "size": "0.009",
          "side": "sell",
          "tradeId": "1147936602648195073"
        },
        {
          "ts": "1709415332794",
          "price": "61942.7",
          "size": "0.640",
          "side": "sell",
          "tradeId": "1147936596000223233"
        },
        {
          "ts": "1709415332703",
          "price": "61942.8",
          "size": "22.608",
          "side": "buy",
          "tradeId": "1147936595618541569"
        },
        {
          "ts": "1709415332532",
          "price": "61950.0",
          "size": "0.001",
          "side": "sell",
          "tradeId": "1147936594901315644"
        },
        {
          "ts": "1709415326921",
          "price": "61950.3",
          "size": "0.230",
          "side": "buy",
          "tradeId": "1147936571367075841"
        },
        {
          "ts": "1709415324141",
          "price": "61950.0",
          "size": "0.001",
          "side": "sell",
          "tradeId": "1147936559706910721"
        },
        {
          "ts": "1709415323062",
          "price": "61950.7",
          "size": "0.001",
          "side": "buy",
          "tradeId": "1147936555181256705"
        },
        {
          "ts": "1709415322424",
          "price": "61950.0",
          "size": "0.001",
          "side": "sell",
          "tradeId": "1147936552505290753"
        },
        {
          "ts": "1709415321179",
          "price": "61952.9",
          "size": "0.001",
          "side": "buy",
          "tradeId": "1147936547283382273"
        },
        {
          "ts": "1709415321114",
          "price": "61952.9",
          "size": "27.405",
          "side": "buy",
          "tradeId": "1147936547010752514"
        },
        {
          "ts": "1709415320831",
          "price": "61960.5",
          "size": "0.005",
          "side": "buy",
          "tradeId": "1147936545823764481"
        },
        {
          "ts": "1709415320349",
          "price": "61959.8",
          "size": "0.040",
          "side": "sell",
          "tradeId": "1147936543802109953"
        },
        {
          "ts": "1709415317632",
          "price": "61958.8",
          "size": "0.001",
          "side": "sell",
          "tradeId": "1147936532406185985"
        },
        {
          "ts": "1709415313462",
          "price": "61966.3",
          "size": "0.002",
          "side": "sell",
          "tradeId": "1147936514915938305"
        },
        {
          "ts": "1709415310516",
          "price": "61966.3",
          "size": "21.946",
          "side": "sell",
          "tradeId": "1147936502559518721"
        },
        {
          "ts": "1709415309713",
          "price": "61967.5",
          "size": "0.001",
          "side": "sell",
          "tradeId": "1147936499191492609"
        },
        {
          "ts": "1709415309667",
          "price": "61967.6",
          "size": "0.186",
          "side": "buy",
          "tradeId": "1147936498998554624"
        },
        {
          "ts": "1709415309666",
          "price": "61967.6",
          "size": "0.014",
          "side": "buy",
          "tradeId": "1147936498994360321"
        },
        {
          "ts": "1709415301955",
          "price": "61962.4",
          "size": "0.002",
          "side": "buy",
          "tradeId": "1147936466652082177"
        },
        {
          "ts": "1709415299929",
          "price": "61962.4",
          "size": "16.098",
          "side": "buy",
          "tradeId": "1147936458154422273"
        },
        {
          "ts": "1709415298299",
          "price": "61962.4",
          "size": "0.006",
          "side": "sell",
          "tradeId": "1147936451317706753"
        },
        {
          "ts": "1709415297993",
          "price": "61962.3",
          "size": "0.005",
          "side": "sell",
          "tradeId": "1147936450034249729"
        },
        {
          "ts": "1709415289753",
          "price": "61951.3",
          "size": "0.050",
          "side": "sell",
          "tradeId": "1147936415473184771"
        },
        {
          "ts": "1709415289753",
          "price": "61951.6",
          "size": "0.003",
          "side": "sell",
          "tradeId": "1147936415473184769"
        },
        {
          "ts": "1709415289343",
          "price": "61951.7",
          "size": "20.492",
          "side": "buy",
          "tradeId": "1147936413753520129"
        },
        {
          "ts": "1709415286577",
          "price": "61957.8",
          "size": "0.001",
          "side": "buy",
          "tradeId": "1147936402152075265"
        },
        {
          "ts": "1709415284922",
          "price": "61955.6",
          "size": "0.268",
          "side": "buy",
          "tradeId": "1147936395210502146"
        },
        {
          "ts": "1709415281801",
          "price": "61952.6",
          "size": "0.146",
          "side": "sell",
          "tradeId": "1147936382120079366"
        },
        {
          "ts": "1709415281801",
          "price": "61952.7",
          "size": "0.074",
          "side": "sell",
          "tradeId": "1147936382120079364"
        },
        {
          "ts": "1709415281801",
          "price": "61955.5",
          "size": "0.015",
          "side": "sell",
          "tradeId": "1147936382120079361"
        },
        {
          "ts": "1709415280066",
          "price": "61955.5",
          "size": "0.005",
          "side": "sell",
          "tradeId": "1147936374842961922"
        },
        {
          "ts": "1709415279277",
          "price": "61955.6",
          "size": "26.317",
          "side": "buy",
          "tradeId": "1147936371533656065"
        },
        {
          "ts": "1709415278660",
          "price": "61955.5",
          "size": "0.001",
          "side": "sell",
          "tradeId": "1147936368945770497"
        },
        {
          "ts": "1709415273223",
          "price": "61957.1",
          "size": "42.166",
          "side": "buy",
          "tradeId": "1147936346141339649"
        },
        {
          "ts": "1709415271744",
          "price": "61957.1",
          "size": "0.100",
          "side": "sell",
          "tradeId": "1147936339937964033"
        },
        {
          "ts": "1709415267254",
          "price": "61959.9",
          "size": "0.008",
          "side": "sell",
          "tradeId": "1147936321105539073"
        },
        {
          "ts": "1709415265536",
          "price": "61960.0",
          "size": "0.001",
          "side": "buy",
          "tradeId": "1147936313899724826"
        },
        {
          "ts": "1709415263363",
          "price": "61960.2",
          "size": "0.023",
          "side": "buy",
          "tradeId": "1147936304785502209"
        },
        {
          "ts": "1709415261640",
          "price": "61955.0",
          "size": "37.695",
          "side": "sell",
          "tradeId": "1147936297558716417"
        },
        {
          "ts": "1709415261614",
          "price": "61956.1",
          "size": "0.002",
          "side": "buy",
          "tradeId": "1147936297449664513"
        },
        {
          "ts": "1709415255289",
          "price": "61950.9",
          "size": "0.001",
          "side": "sell",
          "tradeId": "1147936270920691713"
        },
        {
          "ts": "1709415254461",
          "price": "61951.0",
          "size": "0.001",
          "side": "buy",
          "tradeId": "1147936267447808001"
        },
        {
          "ts": "1709415254031",
          "price": "61951.0",
          "size": "0.019",
          "side": "buy",
          "tradeId": "1147936265644257281"
        },
        {
          "ts": "1709415251050",
          "price": "61950.8",
          "size": "66.983",
          "side": "sell",
          "tradeId": "1147936253141037057"
        },
        {
          "ts": "1709415246129",
          "price": "61957.0",
          "size": "0.001",
          "side": "buy",
          "tradeId": "1147936232500867073"
        },
        {
          "ts": "1709415243883",
          "price": "61958.3",
          "size": "0.046",
          "side": "buy",
          "tradeId": "1147936223080460289"
        },
        {
          "ts": "1709415242855",
          "price": "61961.6",
          "size": "0.015",
          "side": "buy",
          "tradeId": "1147936218768715777"
        },
        {
          "ts": "1709415242732",
          "price": "61958.6",
          "size": "0.012",
          "side": "sell",
          "tradeId": "1147936218252816388"
        },
        {
          "ts": "1709415242732",
          "price": "61961.5",
          "size": "0.003",
          "side": "sell",
          "tradeId": "1147936218252816385"
        },
        {
          "ts": "1709415241052",
          "price": "61961.5",
          "size": "0.001",
          "side": "sell",
          "tradeId": "1147936211206385665"
        },
        {
          "ts": "1709415240978",
          "price": "61961.6",
          "size": "31.747",
          "side": "buy",
          "tradeId": "1147936210896007169"
        },
        {
          "ts": "1709415236041",
          "price": "61970.6",
          "size": "0.001",
          "side": "sell",
          "tradeId": "1147936190188728322"
        },
        {
          "ts": "1709415233336",
          "price": "61970.6",
          "size": "0.068",
          "side": "sell",
