[
  {
    "exchange": "bitget",
    "instrument": "btcusdt",
    "insType": "spot",
    "obj": "trades",
    "btc_price": 61842.56,
    "timestamp": 1709416043.2269907,
    "data": {
      "event": "subscribe",
      "arg": {
        "instType": "SPOT",
        "channel": "trade",
        "instId": "BTCUSDT"
      }
    }
  },
  {
    "exchange": "bitget",
    "instrument": "btcusdt",
    "insType": "spot",
    "obj": "trades",
    "btc_price": 61842.56,
    "timestamp": 1709416043.4388626,
    "data": {
      "action": "snapshot",
      "arg": {
        "instType": "SPOT",
        "channel": "trade",
        "instId": "BTCUSDT"
      },
      "data": [
        {
          "ts": "1709416039012",
          "price": "61837.07",
          "size": "0.002516",
          "side": "buy",
          "tradeId": "1147939558093438978"
        },
        {
          "ts": "1709416038806",
          "price": "61837.07",
          "size": "0.006186",
          "side": "buy",
          "tradeId": "1147939557229412357"
        },
        {
          "ts": "1709416038657",
          "price": "61837.07",
          "size": "0.002324",
          "side": "buy",
          "tradeId": "1147939556604461058"
        },
        {
          "ts": "1709416038257",
          "price": "61837.06",
          "size": "0.006573",
          "side": "sell",
          "tradeId": "1147939554926739458"
        },
        {
          "ts": "1709416037656",
          "price": "61837.07",
          "size": "0.001373",
          "side": "buy",
          "tradeId": "1147939552405962758"
        },
        {
          "ts": "1709416037156",
          "price": "61837.06",
          "size": "0.002225",
          "side": "sell",
          "tradeId": "1147939550308810753"
        },
        {
          "ts": "1709416036656",
          "price": "61837.06",
          "size": "0.009716",
          "side": "sell",
          "tradeId": "1147939548211658757"
        },
        {
          "ts": "1709416036160",
          "price": "61837.06",
          "size": "0.003713",
          "side": "sell",
          "tradeId": "1147939546131283971"
        },
        {
          "ts": "1709416035657",
          "price": "61837.07",
          "size": "0.003639",
          "side": "buy",
          "tradeId": "1147939544021549057"
        },
        {
          "ts": "1709416035511",
          "price": "61837.06",
          "size": "0.007240",
          "side": "sell",
          "tradeId": "1147939543409180678"
        },
        {
          "ts": "1709416035010",
          "price": "61837.07",
          "size": "0.002818",
          "side": "buy",
          "tradeId": "1147939541307834373"
        },
        {
          "ts": "1709416034661",
          "price": "61837.07",
          "size": "0.002741",
          "side": "buy",
          "tradeId": "1147939539844022273"
        },
        {
          "ts": "1709416034110",
          "price": "61837.06",
          "size": "0.003173",
          "side": "sell",
          "tradeId": "1147939537532960772"
        },
        {
          "ts": "1709416033660",
          "price": "61837.07",
          "size": "0.001476",
          "side": "buy",
          "tradeId": "1147939535645523969"
        },
        {
          "ts": "1709416033560",
          "price": "61837.07",
          "size": "0.001311",
          "side": "buy",
          "tradeId": "1147939535226093569"
        },
        {
          "ts": "1709416033058",
          "price": "61837.06",
          "size": "0.001194",
          "side": "sell",
          "tradeId": "1147939533120552964"
        },
        {
          "ts": "1709416032658",
          "price": "61837.06",
          "size": "0.005146",
          "side": "sell",
          "tradeId": "1147939531442831361"
        },
        {
          "ts": "1709416032312",
          "price": "61837.07",
          "size": "0.002050",
          "side": "buy",
          "tradeId": "1147939529991602177"
        },
        {
          "ts": "1709416031859",
          "price": "61837.06",
          "size": "0.006568",
          "side": "sell",
          "tradeId": "1147939528091582467"
        },
        {
          "ts": "1709416031656",
          "price": "61837.07",
          "size": "0.005202",
          "side": "buy",
          "tradeId": "1147939527240138755"
        },
        {
          "ts": "1709416031356",
          "price": "61837.06",
          "size": "0.006007",
          "side": "sell",
          "tradeId": "1147939525981847558"
        },
        {
          "ts": "1709416031020",
          "price": "61837.07",
          "size": "0.006469",
          "side": "buy",
          "tradeId": "1147939524572561498"
        },
        {
          "ts": "1709416030656",
          "price": "61837.07",
          "size": "0.006314",
          "side": "buy",
          "tradeId": "1147939523045834756"
        },
        {
          "ts": "1709416030159",
          "price": "61837.07",
          "size": "0.007481",
          "side": "buy",
          "tradeId": "1147939520961265665"
        },
        {
          "ts": "1709416030058",
          "price": "61837.07",
          "size": "0.003658",
          "side": "buy",
          "tradeId": "1147939520537641047"
        },
        {
          "ts": "1709416029665",
          "price": "61837.07",
          "size": "0.002538",
          "side": "buy",
          "tradeId": "1147939518889279490"
        },
        {
          "ts": "1709416029159",
          "price": "61837.06",
          "size": "0.003110",
          "side": "sell",
          "tradeId": "1147939516766961664"
        },
        {
          "ts": "1709416028657",
          "price": "61836.74",
          "size": "0.002722",
          "side": "buy",
          "tradeId": "1147939514661421058"
        },
        {
          "ts": "1709416028110",
          "price": "61833.36",
          "size": "0.006628",
          "side": "sell",
          "tradeId": "1147939512367136860"
        },
        {
          "ts": "1709416027856",
          "price": "61833.34",
          "size": "0.005555",
          "side": "buy",
          "tradeId": "1147939511301783558"
        },
        {
          "ts": "1709416027658",
          "price": "61833.50",
          "size": "0.002850",
          "side": "buy",
          "tradeId": "1147939510471311361"
        },
        {
          "ts": "1709416027278",
          "price": "61832.12",
          "size": "0.003764",
          "side": "sell",
          "tradeId": "1147939508877475861"
        },
        {
          "ts": "1709416027103",
          "price": "61822.98",
          "size": "0.000177",
          "side": "buy",
          "tradeId": "1147939508143472681"
        },
        {
          "ts": "1709416027103",
          "price": "61822.65",
          "size": "0.000200",
          "side": "buy",
          "tradeId": "1147939508143472679"
        },
        {
          "ts": "1709416026657",
          "price": "61822.65",
          "size": "0.004949",
          "side": "buy",
          "tradeId": "1147939506272813057"
        },
        {
          "ts": "1709416026310",
          "price": "61822.64",
          "size": "0.004255",
          "side": "sell",
          "tradeId": "1147939504817389569"
        },
        {
          "ts": "1709416025956",
          "price": "61822.65",
          "size": "0.003952",
          "side": "buy",
          "tradeId": "1147939503332605955"
        },
        {
          "ts": "1709416025656",
          "price": "61822.64",
          "size": "0.003291",
          "side": "sell",
          "tradeId": "1147939502074314864"
        },
        {
          "ts": "1709416025056",
          "price": "61822.65",
          "size": "0.003963",
          "side": "buy",
          "tradeId": "1147939499557732353"
        },
        {
          "ts": "1709416024806",
          "price": "61822.64",
          "size": "0.003494",
          "side": "sell",
          "tradeId": "1147939498509156355"
        },
        {
          "ts": "1709416024658",
          "price": "61822.65",
          "size": "0.010344",
          "side": "buy",
          "tradeId": "1147939497888399362"
        },
        {
          "ts": "1709416024217",
          "price": "61822.64",
          "size": "0.005964",
          "side": "sell",
          "tradeId": "1147939496038711298"
        },
        {
          "ts": "1709416023658",
          "price": "61822.65",
          "size": "0.001408",
          "side": "buy",
          "tradeId": "1147939493694095366"
        },
        {
          "ts": "1709416023256",
          "price": "61822.65",
          "size": "0.002216",
          "side": "buy",
          "tradeId": "1147939492007985194"
        },
        {
          "ts": "1709416022662",
          "price": "61822.64",
          "size": "0.005350",
          "side": "sell",
          "tradeId": "1147939489516568582"
        },
        {
          "ts": "1709416022158",
          "price": "61822.64",
          "size": "0.007577",
          "side": "sell",
          "tradeId": "1147939487402639361"
        },
        {
          "ts": "1709416021660",
          "price": "61822.64",
          "size": "0.031012",
          "side": "sell",
          "tradeId": "1147939485313875970"
        },
        {
          "ts": "1709416021406",
          "price": "61822.65",
          "size": "0.024467",
          "side": "buy",
          "tradeId": "1147939484248522896"
        },
        {
          "ts": "1709416020958",
          "price": "61822.64",
          "size": "0.025664",
          "side": "sell",
          "tradeId": "1147939482369474562"
        },
        {
          "ts": "1709416020662",
          "price": "61822.68",
          "size": "0.018846",
          "side": "sell",
          "tradeId": "1147939481127960578"
        },
        {
          "ts": "1709416020208",
          "price": "61826.88",
          "size": "0.021546",
          "side": "buy",
          "tradeId": "1147939479223746561"
        },
        {
          "ts": "1709416019657",
          "price": "61837.82",
          "size": "0.005593",
          "side": "sell",
          "tradeId": "1147939476912685058"
        },
        {
          "ts": "1709416019067",
          "price": "61838.65",
          "size": "0.019210",
          "side": "sell",
          "tradeId": "1147939474438045699"
        },
        {
          "ts": "1709416018911",
          "price": "61839.74",
          "size": "0.013729",
          "side": "buy",
          "tradeId": "1147939473783734274"
        },
        {
          "ts": "1709416018661",
          "price": "61846.15",
          "size": "0.013132",
          "side": "buy",
          "tradeId": "1147939472735158275"
        },
        {
          "ts": "1709416018459",
          "price": "61846.23",
          "size": "0.015685",
          "side": "buy",
          "tradeId": "1147939471887908870"
        },
        {
          "ts": "1709416018056",
          "price": "61846.22",
          "size": "0.015984",
          "side": "sell",
          "tradeId": "1147939470197604357"
        },
        {
          "ts": "1709416017856",
          "price": "61846.23",
          "size": "0.021748",
          "side": "buy",
          "tradeId": "1147939469358743556"
        },
        {
          "ts": "1709416017660",
          "price": "61846.23",
          "size": "0.005716",
          "side": "buy",
          "tradeId": "1147939468536659972"
        },
        {
          "ts": "1709416017258",
          "price": "61846.23",
          "size": "0.007975",
          "side": "buy",
          "tradeId": "1147939466850549762"
        },
        {
          "ts": "1709416017060",
          "price": "61846.22",
          "size": "0.009938",
          "side": "sell",
          "tradeId": "1147939466020077570"
        },
        {
          "ts": "1709416016659",
          "price": "61846.22",
          "size": "0.007121",
          "side": "sell",
          "tradeId": "1147939464338161665"
        },
        {
          "ts": "1709416016157",
          "price": "61846.23",
          "size": "0.006930",
          "side": "buy",
          "tradeId": "1147939462232621057"
        },
        {
          "ts": "1709416016056",
          "price": "61846.22",
          "size": "0.007791",
          "side": "sell",
          "tradeId": "1147939461808996354"
        },
        {
          "ts": "1709416015806",
          "price": "61846.23",
          "size": "0.007329",
          "side": "buy",
          "tradeId": "1147939460760420355"
        },
        {
          "ts": "1709416015660",
          "price": "61846.22",
          "size": "0.008656",
          "side": "sell",
          "tradeId": "1147939460148051969"
        },
        {
          "ts": "1709416015506",
          "price": "61846.22",
          "size": "0.003350",
          "side": "sell",
          "tradeId": "1147939459502129153"
        },
        {
          "ts": "1709416015024",
          "price": "61846.12",
          "size": "0.003933",
          "side": "sell",
          "tradeId": "1147939457480474635"
        },
        {
          "ts": "1709416015024",
          "price": "61846.14",
          "size": "0.021835",
          "side": "sell",
          "tradeId": "1147939457480474633"
        },
        {
          "ts": "1709416015024",
          "price": "61846.16",
          "size": "0.008297",
          "side": "sell",
          "tradeId": "1147939457480474631"
        },
        {
          "ts": "1709416015024",
          "price": "61846.18",
          "size": "0.003153",
          "side": "sell",
          "tradeId": "1147939457480474629"
        },
        {
          "ts": "1709416015024",
          "price": "61846.20",
          "size": "0.001618",
          "side": "sell",
          "tradeId": "1147939457480474627"
        },
        {
          "ts": "1709416015024",
          "price": "61846.22",
          "size": "0.001618",
          "side": "sell",
          "tradeId": "1147939457480474625"
        },
        {
          "ts": "1709416015017",
          "price": "61846.23",
          "size": "0.009385",
          "side": "buy",
          "tradeId": "1147939457451114499"
        },
        {
          "ts": "1709416014656",
          "price": "61846.24",
          "size": "0.030495",
          "side": "buy",
          "tradeId": "1147939455936970843"
        },
        {
          "ts": "1709416014559",
          "price": "61846.27",
          "size": "0.036505",
          "side": "buy",
          "tradeId": "1147939455530123265"
        },
        {
          "ts": "1709416014017",
          "price": "61846.27",
          "size": "0.015017",
          "side": "buy",
          "tradeId": "1147939453256810498"
        },
        {
          "ts": "1709416013656",
          "price": "61846.27",
          "size": "0.016270",
          "side": "buy",
          "tradeId": "1147939451742666757"
        },
        {
          "ts": "1709416013160",
          "price": "61846.27",
          "size": "0.028532",
          "side": "buy",
          "tradeId": "1147939449662291969"
        },
        {
          "ts": "1709416012658",
          "price": "61846.27",
          "size": "0.007984",
          "side": "buy",
          "tradeId": "1147939447556751361"
        },
        {
          "ts": "1709416012208",
          "price": "61846.26",
          "size": "0.014957",
          "side": "sell",
          "tradeId": "1147939445669314566"
        },
        {
          "ts": "1709416011658",
          "price": "61846.26",
          "size": "0.027233",
          "side": "sell",
          "tradeId": "1147939443362447375"
        },
        {
          "ts": "1709416011206",
          "price": "61846.26",
          "size": "0.029472",
          "side": "sell",
          "tradeId": "1147939441466621955"
        },
        {
          "ts": "1709416011007",
          "price": "61846.26",
          "size": "0.028606",
          "side": "sell",
          "tradeId": "1147939440631955459"
        },
        {
          "ts": "1709416010657",
          "price": "61846.26",
          "size": "0.013320",
          "side": "sell",
          "tradeId": "1147939439163949060"
        },
        {
          "ts": "1709416010156",
          "price": "61846.26",
          "size": "0.013754",
          "side": "sell",
          "tradeId": "1147939437062602753"
        },
        {
          "ts": "1709416009906",
          "price": "61846.27",
          "size": "0.011838",
          "side": "buy",
          "tradeId": "1147939436014026759"
        },
        {
          "ts": "1709416009656",
          "price": "61846.26",
          "size": "0.010124",
          "side": "sell",
          "tradeId": "1147939434965450753"
        },
        {
          "ts": "1709416009464",
          "price": "61846.27",
          "size": "0.003990",
          "side": "buy",
          "tradeId": "1147939434160144450"
        },
        {
          "ts": "1709416009084",
          "price": "61846.27",
          "size": "0.000376",
          "side": "buy",
          "tradeId": "1147939432566308866"
        },
        {
          "ts": "1709416008912",
          "price": "61846.27",
          "size": "0.008320",
          "side": "buy",
          "tradeId": "1147939431844888579"
        },
        {
          "ts": "1709416008659",
          "price": "61846.27",
          "size": "0.014370",
          "side": "buy",
          "tradeId": "1147939430783729770"
        },
        {
          "ts": "1709416008309",
          "price": "61846.63",
          "size": "0.044882",
          "side": "buy",
          "tradeId": "1147939429315723268"
        },
        {
          "ts": "1709416007857",
          "price": "61849.88",
          "size": "0.014671",
          "side": "buy",
          "tradeId": "1147939427419897857"
        },
        {
          "ts": "1709416007656",
          "price": "61852.37",
          "size": "0.018478",
          "side": "buy",
          "tradeId": "1147939426576842755"
        },
        {
          "ts": "1709416007208",
          "price": "61852.36",
          "size": "0.019543",
          "side": "sell",
          "tradeId": "1147939424697794562"
        },
        {
          "ts": "1709416006658",
          "price": "61852.36",
          "size": "0.033892",
          "side": "sell",
          "tradeId": "1147939422390927361"
        },
        {
          "ts": "1709416006158",
          "price": "61852.37",
          "size": "0.029737",
          "side": "buy",
          "tradeId": "1147939420293775364"
        },
        {
          "ts": "1709416005808",
          "price": "61852.37",
          "size": "0.025341",
          "side": "buy",
          "tradeId": "1147939418825768962"
        },
        {
          "ts": "1709416005657",
          "price": "61852.37",
          "size": "0.017084",
          "side": "buy",
          "tradeId": "1147939418192429059"
        },
        {
          "ts": "1709416005106",
          "price": "61852.36",
          "size": "0.028669",
          "side": "sell",
          "tradeId": "1147939415881367554"
        },
        {
          "ts": "1709416004756",
          "price": "61852.37",
          "size": "0.034957",
          "side": "buy",
          "tradeId": "1147939414413361162"
        },
        {
          "ts": "1709416004660",
          "price": "61852.37",
          "size": "0.031398",
          "side": "buy",
          "tradeId": "1147939414010707973"
        },
        {
          "ts": "1709416004406",
          "price": "61852.36",
          "size": "0.022965",
          "side": "sell",
          "tradeId": "1147939412945354796"
        },
        {
          "ts": "1709416003861",
          "price": "61852.37",
          "size": "0.014256",
          "side": "buy",
          "tradeId": "1147939410659459074"
        },
        {
          "ts": "1709416003662",
          "price": "61852.36",
          "size": "0.021634",
          "side": "sell",
          "tradeId": "1147939409824792577"
        },
        {
          "ts": "1709416003160",
          "price": "61852.37",
          "size": "0.034198",
          "side": "buy",
          "tradeId": "1147939407719251969"
        },
        {
          "ts": "1709416003060",
          "price": "61852.37",
          "size": "0.019941",
          "side": "buy",
          "tradeId": "1147939407299821569"
        },
        {
          "ts": "1709416002658",
          "price": "61852.37",
          "size": "0.009762",
          "side": "buy",
          "tradeId": "1147939405613711377"
        },
        {
          "ts": "1709416002106",
          "price": "61852.74",
          "size": "0.008015",
          "side": "buy",
          "tradeId": "1147939403298455557"
        },
        {
          "ts": "1709416001656",
          "price": "61858.96",
          "size": "0.007203",
          "side": "sell",
          "tradeId": "1147939401411018851"
        },
        {
          "ts": "1709416001293",
          "price": "61874.01",
          "size": "0.000200",
          "side": "sell",
          "tradeId": "1147939399888486569"
        },
        {
          "ts": "1709416001293",
          "price": "61874.01",
          "size": "0.000176",
          "side": "sell",
          "tradeId": "1147939399888486564"
        },
        {
          "ts": "1709416001293",
          "price": "61874.01",
          "size": "0.000177",
          "side": "sell",
          "tradeId": "1147939399888486558"
        },
        {
          "ts": "1709416001057",
          "price": "61874.28",
          "size": "0.007283",
          "side": "sell",
          "tradeId": "1147939398898630656"
        },
        {
          "ts": "1709416000806",
          "price": "61874.28",
          "size": "0.002255",
          "side": "sell",
          "tradeId": "1147939397845860355"
        },
        {
          "ts": "1709416000656",
          "price": "61874.28",
          "size": "0.018279",
          "side": "sell",
          "tradeId": "1147939397216714791"
        },
        {
          "ts": "1709416000156",
          "price": "61874.28",
          "size": "0.026680",
          "side": "sell",
          "tradeId": "1147939395119562753"
        },
        {
          "ts": "1709415999657",
          "price": "61874.29",
          "size": "0.051743",
          "side": "buy",
          "tradeId": "1147939393026605067"
        },
        {
          "ts": "1709415999157",
          "price": "61874.28",
          "size": "0.018161",
          "side": "sell",
          "tradeId": "1147939390929453059"
        },
        {
          "ts": "1709415999007",
          "price": "61874.29",
          "size": "0.020364",
          "side": "buy",
          "tradeId": "1147939390300307457"
        },
        {
          "ts": "1709415998660",
          "price": "61874.29",
          "size": "0.014296",
          "side": "buy",
          "tradeId": "1147939388844883973"
        },
        {
          "ts": "1709415998162",
          "price": "61874.29",
          "size": "0.029291",
          "side": "buy",
          "tradeId": "1147939386756120580"
        },
        {
          "ts": "1709415997658",
          "price": "61874.28",
          "size": "0.006411",
          "side": "sell",
          "tradeId": "1147939384642191362"
        },
        {
          "ts": "1709415997457",
          "price": "61874.28",
          "size": "0.006390",
          "side": "sell",
          "tradeId": "1147939383799136257"
        },
        {
          "ts": "1709415997006",
          "price": "61874.28",
          "size": "0.015498",
          "side": "sell",
          "tradeId": "1147939381907505154"
        },
        {
          "ts": "1709415996806",
          "price": "61874.28",
          "size": "0.014233",
          "side": "sell",
          "tradeId": "1147939381068644359"
        },
        {
          "ts": "1709415996657",
          "price": "61874.28",
          "size": "0.013109",
          "side": "sell",
          "tradeId": "1147939380443693058"
        },
        {
          "ts": "1709415996108",
          "price": "61874.29",
          "size": "0.007355",
          "side": "buy",
          "tradeId": "1147939378141020161"
        },
        {
          "ts": "1709415995660",
          "price": "61874.29",
          "size": "0.030807",
          "side": "buy",
          "tradeId": "1147939376261971969"
        },
        {
          "ts": "1709415995412",
          "price": "61874.28",
          "size": "0.029974",
          "side": "sell",
          "tradeId": "1147939375221784577"
        },
        {
          "ts": "1709415995009",
          "price": "61874.29",
          "size": "0.013195",
          "side": "buy",
          "tradeId": "1147939373531480073"
        },
        {
          "ts": "1709415994656",
          "price": "61874.28",
          "size": "0.012764",
          "side": "sell",
          "tradeId": "1147939372050890755"
        },
        {
          "ts": "1709415994206",
          "price": "61874.29",
          "size": "0.010646",
          "side": "buy",
          "tradeId": "1147939370163454011"
        },
        {
          "ts": "1709415993657",
          "price": "61874.29",
          "size": "0.024336",
          "side": "buy",
          "tradeId": "1147939367860781057"
        },
        {
          "ts": "1709415993112",
          "price": "61874.29",
          "size": "0.041391",
          "side": "buy",
          "tradeId": "1147939365574885379"
        },
        {
          "ts": "1709415992658",
          "price": "61874.29",
          "size": "0.024702",
          "side": "buy",
          "tradeId": "1147939363670671361"
        },
        {
          "ts": "1709415992107",
          "price": "61874.29",
          "size": "0.021599",
          "side": "buy",
          "tradeId": "1147939361359609858"
        },
        {
          "ts": "1709415991658",
          "price": "61874.28",
          "size": "0.017528",
          "side": "sell",
          "tradeId": "1147939359476367363"
        },
        {
          "ts": "1709415991211",
          "price": "61874.28",
          "size": "0.011420",
          "side": "sell",
          "tradeId": "1147939357601513474"
        },
        {
          "ts": "1709415991057",
          "price": "61874.29",
          "size": "0.020622",
          "side": "buy",
          "tradeId": "1147939356955590664"
        },
        {
          "ts": "1709415990658",
          "price": "61874.29",
          "size": "0.049118",
          "side": "buy",
          "tradeId": "1147939355282063361"
        },
        {
          "ts": "1709415990108",
          "price": "61874.28",
          "size": "0.016463",
          "side": "sell",
          "tradeId": "1147939352975196161"
        },
        {
          "ts": "1709415989661",
          "price": "61874.28",
          "size": "0.012840",
          "side": "sell",
          "tradeId": "1147939351100342275"
        },
        {
          "ts": "1709415989157",
          "price": "61874.28",
          "size": "0.022950",
          "side": "sell",
          "tradeId": "1147939348986413059"
        },
        {
          "ts": "1709415988910",
          "price": "61874.29",
          "size": "0.019493",
          "side": "buy",
          "tradeId": "1147939347950419969"
        },
        {
          "ts": "1709415988662",
          "price": "61874.28",
          "size": "0.033743",
          "side": "sell",
          "tradeId": "1147939346910232577"
        },
        {
          "ts": "1709415988065",
          "price": "61874.29",
          "size": "0.051888",
          "side": "buy",
          "tradeId": "1147939344406233094"
        },
        {
          "ts": "1709415987656",
          "price": "61874.28",
          "size": "0.048652",
          "side": "sell",
          "tradeId": "1147939342690762758"
        },
        {
          "ts": "1709415987158",
          "price": "61874.28",
          "size": "0.029448",
          "side": "sell",
          "tradeId": "1147939340601999362"
        },
        {
          "ts": "1709415986661",
          "price": "61874.28",
          "size": "0.007442",
          "side": "sell",
          "tradeId": "1147939338517430306"
        },
        {
          "ts": "1709415986557",
          "price": "61874.29",
          "size": "0.019086",
          "side": "buy",
          "tradeId": "1147939338081222659"
        },
        {
          "ts": "1709415986006",
          "price": "61874.29",
          "size": "0.012198",
          "side": "buy",
          "tradeId": "1147939335770161156"
        },
        {
          "ts": "1709415985660",
          "price": "61874.28",
          "size": "0.015324",
          "side": "sell",
          "tradeId": "1147939334318931969"
        },
        {
          "ts": "1709415985258",
          "price": "61874.28",
          "size": "0.047649",
          "side": "sell",
          "tradeId": "1147939332632821770"
        },
        {
          "ts": "1709415984856",
          "price": "61874.29",
          "size": "0.031418",
          "side": "buy",
          "tradeId": "1147939330946711566"
        },
        {
          "ts": "1709415984661",
          "price": "61874.28",
          "size": "0.020438",
          "side": "sell",
          "tradeId": "1147939330128822276"
        },
        {
          "ts": "1709415984210",
          "price": "61874.29",
          "size": "0.027159",
          "side": "buy",
          "tradeId": "1147939328237191176"
        },
        {
          "ts": "1709415983657",
          "price": "61874.29",
          "size": "0.008148",
          "side": "buy",
          "tradeId": "1147939325917741056"
        },
        {
          "ts": "1709415983356",
          "price": "61874.29",
          "size": "0.019385",
          "side": "buy",
          "tradeId": "1147939324655255560"
        },
        {
          "ts": "1709415983009",
          "price": "61874.28",
          "size": "0.014883",
          "side": "sell",
          "tradeId": "1147939323199832068"
        },
        {
          "ts": "1709415982668",
          "price": "61874.28",
          "size": "0.024398",
          "side": "sell",
          "tradeId": "1147939321769574402"
        },
        {
          "ts": "1709415982108",
          "price": "61874.29",
          "size": "0.024750",
          "side": "buy",
          "tradeId": "1147939319420764166"
        },
        {
          "ts": "1709415981957",
          "price": "61874.29",
          "size": "0.020711",
          "side": "buy",
          "tradeId": "1147939318787424372"
        },
        {
          "ts": "1709415981659",
          "price": "61874.29",
          "size": "0.029883",
          "side": "buy",
          "tradeId": "1147939317537521670"
        },
        {
          "ts": "1709415981160",
          "price": "61874.28",
          "size": "0.059840",
          "side": "sell",
          "tradeId": "1147939315444564025"
        },
        {
          "ts": "1709415980656",
          "price": "61874.29",
          "size": "0.016164",
          "side": "buy",
          "tradeId": "1147939313330634757"
        },
        {
          "ts": "1709415980157",
          "price": "61874.28",
          "size": "0.017968",
          "side": "sell",
          "tradeId": "1147939311237677057"
        },
        {
          "ts": "1709415979907",
          "price": "61874.29",
          "size": "0.023994",
          "side": "buy",
          "tradeId": "1147939310189101059"
        },
        {
          "ts": "1709415979658",
          "price": "61874.28",
          "size": "0.019350",
          "side": "sell",
          "tradeId": "1147939309144719361"
        },
        {
          "ts": "1709415979207",
          "price": "61874.28",
          "size": "0.014902",
          "side": "sell",
          "tradeId": "1147939307253088259"
        },
        {
          "ts": "1709415978658",
          "price": "61874.29",
          "size": "0.030691",
          "side": "buy",
          "tradeId": "1147939304950415361"
        },
        {
          "ts": "1709415978108",
          "price": "61874.29",
          "size": "0.029228",
          "side": "buy",
          "tradeId": "1147939302643548161"
        },
        {
          "ts": "1709415977660",
          "price": "61874.28",
          "size": "0.020432",
          "side": "sell",
          "tradeId": "1147939300764499969"
        },
        {
          "ts": "1709415977112",
          "price": "61874.29",
          "size": "0.015939",
          "side": "buy",
          "tradeId": "1147939298466021380"
        },
        {
          "ts": "1709415976908",
          "price": "61874.28",
          "size": "0.017804",
          "side": "sell",
          "tradeId": "1147939297610383361"
        },
        {
          "ts": "1709415976656",
          "price": "61874.28",
          "size": "0.048889",
          "side": "sell",
          "tradeId": "1147939296553418755"
        },
        {
          "ts": "1709415976110",
          "price": "61874.29",
          "size": "0.015283",
          "side": "buy",
          "tradeId": "1147939294263328772"
        },
        {
          "ts": "1709415975857",
          "price": "61874.29",
          "size": "0.024155",
          "side": "buy",
          "tradeId": "1147939293202169857"
        },
        {
          "ts": "1709415975660",
          "price": "61874.29",
          "size": "0.006406",
          "side": "buy",
          "tradeId": "1147939292375891970"
        },
        {
          "ts": "1709415975459",
          "price": "61874.29",
          "size": "0.008613",
          "side": "buy",
          "tradeId": "1147939291532836864"
        },
        {
          "ts": "1709415975006",
          "price": "61874.29",
          "size": "0.009836",
          "side": "buy",
          "tradeId": "1147939289632817194"
        },
        {
          "ts": "1709415974657",
          "price": "61874.29",
          "size": "0.040816",
          "side": "buy",
          "tradeId": "1147939288169005058"
        },
        {
          "ts": "1709415974057",
          "price": "61874.28",
          "size": "0.032749",
          "side": "sell",
          "tradeId": "1147939285652422657"
        },
        {
          "ts": "1709415973657",
          "price": "61874.29",
          "size": "0.021946",
          "side": "buy",
          "tradeId": "1147939283974701057"
        },
        {
          "ts": "1709415973212",
          "price": "61874.28",
          "size": "0.028763",
          "side": "sell",
          "tradeId": "1147939282108235777"
        },
        {
          "ts": "1709415973013",
          "price": "61874.28",
          "size": "0.023248",
          "side": "sell",
          "tradeId": "1147939281273569281"
        },
        {
          "ts": "1709415972657",
          "price": "61874.28",
          "size": "0.018334",
          "side": "sell",
          "tradeId": "1147939279780397058"
        },
        {
          "ts": "1709415972406",
          "price": "61874.29",
          "size": "0.018698",
          "side": "buy",
          "tradeId": "1147939278727626754"
        },
        {
          "ts": "1709415971914",
          "price": "61874.28",
          "size": "0.017501",
          "side": "sell",
          "tradeId": "1147939276664029185"
        },
        {
          "ts": "1709415971656",
          "price": "61874.29",
          "size": "0.032614",
          "side": "buy",
          "tradeId": "1147939275581898757"
        },
        {
          "ts": "1709415971606",
          "price": "61874.29",
          "size": "0.020320",
          "side": "buy",
          "tradeId": "1147939275372183556"
        },
        {
          "ts": "1709415971008",
          "price": "61874.28",
          "size": "0.036240",
          "side": "sell",
          "tradeId": "1147939272863989762"
        },
        {
          "ts": "1709415970658",
          "price": "61874.29",
          "size": "0.024464",
          "side": "buy",
          "tradeId": "1147939271395983363"
        },
        {
          "ts": "1709415970108",
          "price": "61874.29",
          "size": "0.016412",
          "side": "buy",
          "tradeId": "1147939269089116165"
        },
        {
          "ts": "1709415969661",
          "price": "61874.29",
          "size": "0.013866",
          "side": "buy",
          "tradeId": "1147939267214262275"
        },
        {
          "ts": "1709415969221",
          "price": "61874.29",
          "size": "0.000323",
          "side": "buy",
          "tradeId": "1147939265368768515"
        },
        {
          "ts": "1709415969156",
          "price": "61874.28",
          "size": "0.021096",
          "side": "sell",
          "tradeId": "1147939265096138848"
        },
        {
          "ts": "1709415968957",
          "price": "61874.29",
          "size": "0.019749",
          "side": "buy",
          "tradeId": "1147939264261472257"
        },
        {
          "ts": "1709415968764",
          "price": "61874.28",
          "size": "0.020335",
          "side": "sell",
          "tradeId": "1147939263451971585"
        },
        {
          "ts": "1709415968656",
          "price": "61874.29",
          "size": "0.023809",
          "side": "buy",
          "tradeId": "1147939262998986862"
        },
        {
          "ts": "1709415968307",
          "price": "61874.29",
          "size": "0.009941",
          "side": "buy",
          "tradeId": "1147939261535174660"
        },
        {
          "ts": "1709415968008",
          "price": "61874.29",
          "size": "0.026401",
          "side": "buy",
          "tradeId": "1147939260281077761"
        },
        {
          "ts": "1709415967907",
          "price": "61874.29",
          "size": "0.033964",
          "side": "buy",
          "tradeId": "1147939259857453058"
        },
        {
          "ts": "1709415967656",
          "price": "61874.29",
          "size": "0.031561",
          "side": "buy",
          "tradeId": "1147939258804682761"
        },
        {
          "ts": "1709415967106",
          "price": "61874.28",
          "size": "0.053477",
          "side": "sell",
          "tradeId": "1147939256497815555"
        },
        {
          "ts": "1709415966664",
          "price": "61874.28",
          "size": "0.017120",
          "side": "sell",
          "tradeId": "1147939254643933185"
        },
        {
          "ts": "1709415966157",
          "price": "61874.29",
          "size": "0.025424",
          "side": "buy",
          "tradeId": "1147939252517421059"
        },
        {
          "ts": "1709415965806",
          "price": "61874.28",
          "size": "0.028929",
          "side": "sell",
          "tradeId": "1147939251045220358"
        },
        {
          "ts": "1709415965658",
          "price": "61874.28",
          "size": "0.038325",
          "side": "sell",
          "tradeId": "1147939250424463361"
        },
        {
          "ts": "1709415965259",
          "price": "61874.28",
          "size": "0.015894",
          "side": "sell",
          "tradeId": "1147939248750936072"
        },
        {
          "ts": "1709415964659",
          "price": "61874.28",
          "size": "0.029058",
          "side": "sell",
          "tradeId": "1147939246234353671"
        },
        {
          "ts": "1709415964456",
          "price": "61874.28",
          "size": "0.031102",
          "side": "sell",
          "tradeId": "1147939245382909955"
        },
        {
          "ts": "1709415964058",
          "price": "61874.28",
          "size": "0.010798",
          "side": "sell",
          "tradeId": "1147939243713576972"
        },
        {
          "ts": "1709415963657",
          "price": "61874.29",
          "size": "0.008379",
          "side": "buy",
          "tradeId": "1147939242031661057"
        },
        {
          "ts": "1709415963207",
          "price": "61874.29",
          "size": "0.012978",
          "side": "buy",
          "tradeId": "1147939240144224257"
        },
        {
          "ts": "1709415962656",
          "price": "61874.29",
          "size": "0.024684",
          "side": "buy",
          "tradeId": "1147939237833162753"
        },
        {
          "ts": "1709415962065",
          "price": "61874.76",
          "size": "0.034531",
          "side": "buy",
          "tradeId": "1147939235354329090"
        },
        {
          "ts": "1709415961964",
          "price": "61874.28",
          "size": "0.023831",
          "side": "sell",
          "tradeId": "1147939234930704385"
        },
        {
          "ts": "1709415961892",
          "price": "61875.32",
          "size": "0.001172",
          "side": "buy",
          "tradeId": "1147939234628714515"
        },
        {
          "ts": "1709415961892",
          "price": "61875.30",
          "size": "0.018068",
          "side": "buy",
          "tradeId": "1147939234628714513"
        },
        {
          "ts": "1709415961892",
          "price": "61875.29",
          "size": "0.000200",
          "side": "buy",
          "tradeId": "1147939234628714511"
        },
        {
          "ts": "1709415961892",
          "price": "61875.28",
          "size": "0.006866",
          "side": "buy",
          "tradeId": "1147939234628714509"
        },
        {
          "ts": "1709415961892",
          "price": "61875.26",
          "size": "0.002609",
          "side": "buy",
          "tradeId": "1147939234628714507"
        },
        {
          "ts": "1709415961892",
          "price": "61875.24",
          "size": "0.001617",
          "side": "buy",
          "tradeId": "1147939234628714505"
        },
        {
          "ts": "1709415961892",
          "price": "61875.22",
          "size": "0.001617",
          "side": "buy",
          "tradeId": "1147939234628714503"
        },
        {
          "ts": "1709415961892",
          "price": "61875.20",
          "size": "0.001617",
          "side": "buy",
          "tradeId": "1147939234628714501"
        },
        {
          "ts": "1709415961892",
          "price": "61874.29",
          "size": "0.004048",
          "side": "buy",
          "tradeId": "1147939234628714499"
        },
        {
          "ts": "1709415961892",
          "price": "61874.29",
          "size": "0.001344",
          "side": "buy",
          "tradeId": "1147939234628714497"
        },
        {
          "ts": "1709415961664",
          "price": "61874.29",
          "size": "0.023362",
          "side": "buy",
          "tradeId": "1147939233672413186"
        },
        {
          "ts": "1709415961164",
          "price": "61874.29",
          "size": "0.046781",
          "side": "buy",
          "tradeId": "1147939231575261186"
        },
        {
          "ts": "1709415960829",
          "price": "61874.28",
          "size": "0.000145",
          "side": "sell",
          "tradeId": "1147939230170169345"
        },
        {
          "ts": "1709415960656",
          "price": "61874.29",
          "size": "0.033600",
          "side": "buy",
          "tradeId": "1147939229444554754"
        },
        {
          "ts": "1709415960106",
          "price": "61874.28",
          "size": "0.012989",
          "side": "sell",
          "tradeId": "1147939227137687706"
        },
        {
          "ts": "1709415959660",
          "price": "61874.28",
          "size": "0.018966",
          "side": "sell",
          "tradeId": "1147939225267028007"
        },
        {
          "ts": "1709415959259",
          "price": "61874.28",
          "size": "0.042825",
          "side": "sell",
          "tradeId": "1147939223585112068"
        },
        {
          "ts": "1709415958660",
          "price": "61874.28",
          "size": "0.016259",
          "side": "sell",
          "tradeId": "1147939221072723969"
        },
        {
          "ts": "1709415958108",
          "price": "61874.28",
          "size": "0.014379",
          "side": "sell",
          "tradeId": "1147939218757468164"
        },
        {
          "ts": "1709415957658",
          "price": "61874.29",
          "size": "0.014586",
          "side": "buy",
          "tradeId": "1147939216870031364"
        },
        {
          "ts": "1709415957157",
          "price": "61874.28",
          "size": "0.017665",
          "side": "sell",
          "tradeId": "1147939214768685058"
        },
        {
          "ts": "1709415956656",
          "price": "61874.28",
          "size": "0.039469",
          "side": "sell",
          "tradeId": "1147939212667338755"
        },
        {
          "ts": "1709415956116",
          "price": "61874.28",
          "size": "0.034593",
          "side": "sell",
          "tradeId": "1147939210402414595"
        },
        {
          "ts": "1709415955656",
          "price": "61874.29",
          "size": "0.015864",
          "side": "buy",
          "tradeId": "1147939208473034755"
        },
        {
          "ts": "1709415955258",
          "price": "61874.29",
          "size": "0.012789",
          "side": "buy",
          "tradeId": "1147939206803701768"
        },
        {
          "ts": "1709415954658",
          "price": "61874.28",
          "size": "0.010242",
          "side": "sell",
          "tradeId": "1147939204287119362"
        },
        {
          "ts": "1709415954210",
          "price": "61874.28",
          "size": "0.015271",
          "side": "sell",
          "tradeId": "1147939202408071173"
        },
        {
          "ts": "1709415953956",
          "price": "61874.29",
          "size": "0.008560",
          "side": "buy",
          "tradeId": "1147939201342717955"
        },
        {
          "ts": "1709415953661",
          "price": "61874.28",
          "size": "0.031883",
          "side": "sell",
          "tradeId": "1147939200105398282"
        },
        {
          "ts": "1709415953207",
          "price": "61874.29",
          "size": "0.032731",
          "side": "buy",
          "tradeId": "1147939198201184258"
        },
        {
          "ts": "1709415952808",
          "price": "61874.29",
          "size": "0.012504",
          "side": "buy",
          "tradeId": "1147939196527656961"
        },
        {
          "ts": "1709415952661",
          "price": "61874.28",
          "size": "0.028193",
          "side": "sell",
          "tradeId": "1147939195911094273"
        },
        {
          "ts": "1709415952209",
          "price": "61874.29",
          "size": "0.008418",
          "side": "buy",
          "tradeId": "1147939194015268865"
        },
        {
          "ts": "1709415951658",
          "price": "61874.28",
          "size": "0.024334",
          "side": "sell",
          "tradeId": "1147939191704207361"
        },
        {
          "ts": "1709415951512",
          "price": "61874.29",
          "size": "0.026517",
          "side": "buy",
          "tradeId": "1147939191091838978"
        },
        {
          "ts": "1709415950967",
          "price": "61874.28",
          "size": "0.010910",
          "side": "sell",
          "tradeId": "1147939188805943385"
        },
        {
          "ts": "1709415950660",
          "price": "61874.29",
          "size": "0.028821",
          "side": "buy",
          "tradeId": "1147939187518291969"
        },
        {
          "ts": "1709415950206",
          "price": "61874.29",
          "size": "0.037550",
          "side": "buy",
          "tradeId": "1147939185614077956"
        },
        {
          "ts": "1709415949656",
          "price": "61874.29",
          "size": "0.052306",
          "side": "buy",
          "tradeId": "1147939183307210755"
        },
        {
          "ts": "1709415949208",
          "price": "61874.29",
          "size": "0.025033",
          "side": "buy",
          "tradeId": "1147939181428162561"
        },
        {
          "ts": "1709415948659",
          "price": "61874.28",
          "size": "0.017974",
          "side": "sell",
          "tradeId": "1147939179125489665"
        },
        {
          "ts": "1709415948107",
          "price": "61874.29",
          "size": "0.017204",
          "side": "buy",
          "tradeId": "1147939176810233857"
        },
        {
          "ts": "1709415947661",
          "price": "61874.28",
          "size": "0.009651",
          "side": "sell",
          "tradeId": "1147939174939574274"
        },
        {
          "ts": "1709415947207",
          "price": "61874.29",
          "size": "0.017671",
          "side": "buy",
          "tradeId": "1147939173035360257"
        },
        {
          "ts": "1709415946657",
          "price": "61874.28",
          "size": "0.013268",
          "side": "sell",
          "tradeId": "1147939170728493057"
        },
        {
          "ts": "1709415946556",
          "price": "61874.28",
          "size": "0.007793",
          "side": "sell",
          "tradeId": "1147939170304868433"
        },
        {
          "ts": "1709415946010",
          "price": "61874.28",
          "size": "0.011443",
          "side": "sell",
          "tradeId": "1147939168014778369"
        },
        {
          "ts": "1709415945806",
          "price": "61874.29",
          "size": "0.016479",
          "side": "buy",
          "tradeId": "1147939167159140353"
        },
        {
          "ts": "1709415945662",
          "price": "61874.28",
          "size": "0.018793",
          "side": "sell",
          "tradeId": "1147939166555160642"
        },
        {
          "ts": "1709415945157",
          "price": "61874.29",
          "size": "0.029202",
          "side": "buy",
          "tradeId": "1147939164437037058"
        },
        {
          "ts": "1709415944659",
          "price": "61874.28",
          "size": "0.021084",
          "side": "sell",
          "tradeId": "1147939162348273755"
        },
        {
          "ts": "1709415944206",
          "price": "61874.29",
          "size": "0.016930",
          "side": "buy",
          "tradeId": "1147939160448253957"
        },
        {
          "ts": "1709415943657",
          "price": "61874.28",
          "size": "0.008417",
          "side": "sell",
          "tradeId": "1147939158145581058"
        },
        {
          "ts": "1709415943256",
          "price": "61874.29",
          "size": "0.015516",
          "side": "buy",
          "tradeId": "1147939156463665155"
        },
        {
          "ts": "1709415942754",
          "price": "61874.28",
          "size": "0.008529",
          "side": "sell",
          "tradeId": "1147939154358124642"
        },
        {
          "ts": "1709415942660",
          "price": "61874.29",
          "size": "0.019920",
          "side": "buy",
          "tradeId": "1147939153963859970"
        },
        {
          "ts": "1709415942407",
          "price": "61874.29",
          "size": "0.033887",
          "side": "buy",
          "tradeId": "1147939152902701058"
        },
        {
          "ts": "1709415942010",
          "price": "61874.29",
          "size": "0.017700",
          "side": "buy",
          "tradeId": "1147939151237562371"
        },
        {
          "ts": "1709415941660",
          "price": "61874.29",
          "size": "0.012839",
          "side": "buy",
          "tradeId": "1147939149769556065"
        },
        {
          "ts": "1709415941107",
          "price": "61874.29",
          "size": "0.029062",
          "side": "buy",
          "tradeId": "1147939147450105857"
        },
        {
          "ts": "1709415940810",
          "price": "61874.28",
          "size": "0.025857",
          "side": "sell",
          "tradeId": "1147939146204397569"
        },
        {
          "ts": "1709415940657",
          "price": "61874.28",
          "size": "0.011915",
          "side": "sell",
          "tradeId": "1147939145562669058"
        },
        {
          "ts": "1709415940421",
          "price": "61874.28",
          "size": "0.013060",
          "side": "sell",
          "tradeId": "1147939144572813314"
        },
        {
          "ts": "1709415939959",
          "price": "61874.28",
          "size": "0.006151",
          "side": "sell",
          "tradeId": "1147939142635044896"
        },
        {
          "ts": "1709415939660",
          "price": "61874.28",
          "size": "0.015337",
          "side": "sell",
          "tradeId": "1147939141380947969"
        },
        {
          "ts": "1709415939409",
          "price": "61874.28",
          "size": "0.027166",
          "side": "sell",
          "tradeId": "1147939140328177694"
        },
        {
          "ts": "1709415939017",
          "price": "61874.29",
          "size": "0.028701",
          "side": "buy",
          "tradeId": "1147939138684010497"
        },
        {
          "ts": "1709415938660",
          "price": "61874.28",
          "size": "0.024373",
          "side": "sell",
          "tradeId": "1147939137186644036"
        },
        {
          "ts": "1709415938260",
          "price": "61874.29",
          "size": "0.018290",
          "side": "buy",
          "tradeId": "1147939135508922372"
        },
        {
          "ts": "1709415937758",
          "price": "61874.28",
          "size": "0.018441",
          "side": "sell",
          "tradeId": "1147939133403381761"
        },
        {
          "ts": "1709415937656",
          "price": "61874.28",
          "size": "0.031559",
          "side": "sell",
          "tradeId": "1147939132975562756"
        },
        {
          "ts": "1709415937156",
          "price": "61874.29",
          "size": "0.045145",
          "side": "buy",
          "tradeId": "1147939130878410755"
        },
        {
          "ts": "1709415936658",
          "price": "61874.28",
          "size": "0.031738",
          "side": "sell",
          "tradeId": "1147939128789647362"
        },
        {
          "ts": "1709415936114",
          "price": "61874.29",
          "size": "0.033402",
          "side": "buy",
          "tradeId": "1147939126507945985"
        },
        {
          "ts": "1709415935657",
          "price": "61874.28",
          "size": "0.011341",
          "side": "sell",
          "tradeId": "1147939124591149057"
        },
        {
          "ts": "1709415935161",
          "price": "61874.28",
          "size": "0.029864",
          "side": "sell",
          "tradeId": "1147939122510774282"
        },
        {
          "ts": "1709415934808",
          "price": "61874.29",
          "size": "0.023707",
          "side": "buy",
          "tradeId": "1147939121030184964"
        },
        {
          "ts": "1709415934657",
          "price": "61874.28",
          "size": "0.014743",
          "side": "sell",
          "tradeId": "1147939120396845059"
        },
        {
          "ts": "1709415934460",
          "price": "61874.29",
          "size": "0.009893",
          "side": "buy",
          "tradeId": "1147939119570567170"
        },
        {
          "ts": "1709415933961",
          "price": "61874.29",
          "size": "0.009021",
          "side": "buy",
          "tradeId": "1147939117477609474"
        },
        {
          "ts": "1709415933658",
          "price": "61874.29",
          "size": "0.017019",
          "side": "buy",
          "tradeId": "1147939116206735361"
        },
        {
          "ts": "1709415933307",
          "price": "61874.29",
          "size": "0.019537",
          "side": "buy",
          "tradeId": "1147939114734534657"
        },
        {
          "ts": "1709415932904",
          "price": "61874.29",
          "size": "0.013954",
          "side": "buy",
          "tradeId": "1147939113044230146"
        },
        {
          "ts": "1709415932807",
          "price": "61874.29",
          "size": "0.011429",
          "side": "buy",
          "tradeId": "1147939112637382658"
        },
        {
          "ts": "1709415932656",
          "price": "61874.29",
          "size": "0.008642",
          "side": "buy",
          "tradeId": "1147939112004042756"
        },
        {
          "ts": "1709415932260",
          "price": "61874.29",
          "size": "0.006001",
          "side": "buy",
          "tradeId": "1147939110343098369"
        },
        {
          "ts": "1709415931807",
          "price": "61874.28",
          "size": "0.007407",
          "side": "sell",
          "tradeId": "1147939108443078658"
        },
        {
          "ts": "1709415931657",
          "price": "61874.28",
          "size": "0.010545",
          "side": "sell",
          "tradeId": "1147939107813933059"
        },
        {
          "ts": "1709415931306",
          "price": "61874.29",
          "size": "0.035824",
          "side": "buy",
          "tradeId": "1147939106341732354"
        },
        {
          "ts": "1709415930960",
          "price": "61874.29",
          "size": "0.032332",
          "side": "buy",
          "tradeId": "1147939104890503172"
        },
        {
          "ts": "1709415930657",
          "price": "61874.28",
          "size": "0.006117",
          "side": "sell",
          "tradeId": "1147939103619629057"
        },
        {
          "ts": "1709415930212",
          "price": "61874.28",
          "size": "0.006169",
          "side": "sell",
          "tradeId": "1147939101753163780"
        },
        {
          "ts": "1709415930018",
          "price": "61874.29",
          "size": "0.012168",
          "side": "buy",
          "tradeId": "1147939100939468801"
        },
        {
          "ts": "1709415929658",
          "price": "61874.29",
          "size": "0.008367",
          "side": "buy",
          "tradeId": "1147939099429519362"
        },
        {
          "ts": "1709415929110",
          "price": "61874.28",
          "size": "0.010459",
          "side": "sell",
          "tradeId": "1147939097131040769"
        },
        {
          "ts": "1709415928656",
          "price": "61874.29",
          "size": "0.047599",
          "side": "buy",
          "tradeId": "1147939095226826754"
        },
        {
          "ts": "1709415928259",
          "price": "61874.29",
          "size": "0.012886",
          "side": "buy",
          "tradeId": "1147939093561688065"
        },
        {
          "ts": "1709415927656",
          "price": "61874.28",
          "size": "0.021392",
          "side": "sell",
          "tradeId": "1147939091032522756"
        },
        {
          "ts": "1709415927260",
          "price": "61874.29",
          "size": "0.018098",
          "side": "buy",
          "tradeId": "1147939089371578463"
        },
        {
          "ts": "1709415926656",
          "price": "61874.28",
          "size": "0.037205",
          "side": "sell",
          "tradeId": "1147939086838218756"
        },
        {
          "ts": "1709415926158",
          "price": "61874.28",
          "size": "0.024430",
          "side": "sell",
          "tradeId": "1147939084749455457"
        },
        {
          "ts": "1709415925656",
          "price": "61874.28",
          "size": "0.007098",
          "side": "sell",
          "tradeId": "1147939082643914753"
        },
        {
          "ts": "1709415925107",
          "price": "61874.29",
          "size": "0.017813",
          "side": "buy",
          "tradeId": "1147939080341241863"
        },
        {
          "ts": "1709415924907",
          "price": "61874.28",
          "size": "0.017126",
          "side": "sell",
          "tradeId": "1147939079502381059"
        },
        {
          "ts": "1709415924662",
          "price": "61874.28",
          "size": "0.015594",
          "side": "sell",
          "tradeId": "1147939078474776577"
        },
        {
          "ts": "1709415924406",
          "price": "61874.29",
          "size": "0.017163",
          "side": "buy",
          "tradeId": "1147939077401034842"
        },
        {
          "ts": "1709415923856",
          "price": "61874.28",
          "size": "0.026041",
          "side": "sell",
          "tradeId": "1147939075094167553"
        },
        {
          "ts": "1709415923657",
          "price": "61874.28",
          "size": "0.042603",
          "side": "sell",
          "tradeId": "1147939074259501057"
        },
        {
          "ts": "1709415923106",
          "price": "61874.28",
          "size": "0.023207",
          "side": "sell",
          "tradeId": "1147939071948439554"
        },
        {
          "ts": "1709415922658",
          "price": "61874.29",
          "size": "0.015921",
          "side": "buy",
          "tradeId": "1147939070069391364"
        },
        {
          "ts": "1709415922358",
          "price": "61874.28",
          "size": "0.024555",
          "side": "sell",
          "tradeId": "1147939068811100161"
        },
        {
          "ts": "1709415922013",
          "price": "61874.28",
          "size": "0.007899",
          "side": "sell",
          "tradeId": "1147939067364065386"
        },
        {
          "ts": "1709415921810",
          "price": "61874.28",
          "size": "0.021774",
          "side": "sell",
          "tradeId": "1147939066512621573"
        },
        {
          "ts": "1709415921657",
          "price": "61874.29",
          "size": "0.021095",
          "side": "buy",
          "tradeId": "1147939065870893058"
        },
        {
          "ts": "1709415921559",
          "price": "61874.28",
          "size": "0.030398",
          "side": "sell",
          "tradeId": "1147939065459851268"
        },
        {
          "ts": "1709415921009",
          "price": "61874.28",
          "size": "0.027349",
          "side": "sell",
          "tradeId": "1147939063152984067"
        },
        {
          "ts": "1709415920657",
          "price": "61874.29",
          "size": "0.015393",
          "side": "buy",
          "tradeId": "1147939061676589058"
        },
        {
          "ts": "1709415920163",
          "price": "61874.28",
          "size": "0.044388",
          "side": "sell",
          "tradeId": "1147939059604602881"
        },
        {
          "ts": "1709415919658",
          "price": "61874.29",
          "size": "0.034791",
          "side": "buy",
          "tradeId": "1147939057486479362"
        },
        {
          "ts": "1709415919417",
          "price": "61874.28",
          "size": "0.009406",
          "side": "sell",
          "tradeId": "1147939056475652100"
        },
        {
          "ts": "1709415919007",
          "price": "61874.28",
          "size": "0.014032",
          "side": "sell",
          "tradeId": "1147939054755987497"
        },
        {
          "ts": "1709415918660",
          "price": "61874.28",
          "size": "0.033891",
          "side": "sell",
          "tradeId": "1147939053300563974"
        },
        {
          "ts": "1709415918156",
          "price": "61874.29",
          "size": "0.035841",
          "side": "buy",
          "tradeId": "1147939051186634855"
        },
        {
          "ts": "1709415917661",
          "price": "61874.28",
          "size": "0.008735",
          "side": "sell",
          "tradeId": "1147939049110454273"
        },
        {
          "ts": "1709415917206",
          "price": "61874.28",
          "size": "0.006617",
          "side": "sell",
          "tradeId": "1147939047202046152"
        },
        {
          "ts": "1709415916657",
          "price": "61874.28",
          "size": "0.014962",
          "side": "sell",
          "tradeId": "1147939044899373063"
        },
        {
          "ts": "1709415916257",
          "price": "61874.29",
          "size": "0.022792",
          "side": "buy",
          "tradeId": "1147939043221651462"
        },
        {
          "ts": "1709415915756",
          "price": "61874.29",
          "size": "0.040299",
          "side": "buy",
          "tradeId": "1147939041120305154"
        },
        {
          "ts": "1709415915657",
          "price": "61874.28",
          "size": "0.009626",
          "side": "sell",
          "tradeId": "1147939040705069061"
        },
        {
          "ts": "1709415915161",
          "price": "61874.28",
          "size": "0.018845",
          "side": "sell",
          "tradeId": "1147939038624694290"
        },
        {
          "ts": "1709415914907",
          "price": "61875.10",
          "size": "0.024919",
          "side": "buy",
          "tradeId": "1147939037559341060"
        },
        {
          "ts": "1709415914803",
          "price": "61867.82",
          "size": "0.000177",
          "side": "buy",
          "tradeId": "1147939037123133481"
        },
        {
          "ts": "1709415914658",
          "price": "61867.82",
          "size": "0.027975",
          "side": "buy",
          "tradeId": "1147939036514959362"
        },
        {
          "ts": "1709415914114",
          "price": "61867.82",
          "size": "0.040739",
          "side": "buy",
          "tradeId": "1147939034233257985"
        },
        {
          "ts": "1709415913660",
          "price": "61867.82",
          "size": "0.017856",
          "side": "buy",
          "tradeId": "1147939032329043981"
        },
        {
          "ts": "1709415913107",
          "price": "61867.81",
          "size": "0.035038",
          "side": "sell",
          "tradeId": "1147939030009593858"
        },
        {
          "ts": "1709415912660",
          "price": "61867.81",
          "size": "0.012676",
          "side": "sell",
          "tradeId": "1147939028134740011"
        },
        {
          "ts": "1709415912107",
          "price": "61867.82",
          "size": "0.014611",
          "side": "buy",
          "tradeId": "1147939025815289858"
        },
        {
          "ts": "1709415911659",
          "price": "61867.81",
          "size": "0.016311",
          "side": "sell",
          "tradeId": "1147939023936241668"
        },
        {
          "ts": "1709415911107",
          "price": "61867.81",
          "size": "0.010962",
          "side": "sell",
          "tradeId": "1147939021620985857"
        },
        {
          "ts": "1709415910660",
          "price": "61867.81",
          "size": "0.014541",
          "side": "sell",
          "tradeId": "1147939019746131971"
        },
        {
          "ts": "1709415910359",
          "price": "61867.81",
          "size": "0.016617",
          "side": "sell",
          "tradeId": "1147939018483646466"
        },
        {
          "ts": "1709415909962",
          "price": "61867.82",
          "size": "0.028668",
          "side": "buy",
          "tradeId": "1147939016818507958"
        },
        {
          "ts": "1709415909660",
          "price": "61867.82",
          "size": "0.015965",
          "side": "buy",
          "tradeId": "1147939015551827969"
        },
        {
          "ts": "1709415909257",
          "price": "61867.81",
          "size": "0.027031",
          "side": "sell",
          "tradeId": "1147939013861523457"
        },
        {
          "ts": "1709415909008",
          "price": "61867.81",
          "size": "0.029237",
          "side": "sell",
          "tradeId": "1147939012817141763"
        },
        {
          "ts": "1709415908665",
          "price": "61867.82",
          "size": "0.003204",
          "side": "buy",
          "tradeId": "1147939011378495497"
        },
        {
          "ts": "1709415908257",
          "price": "61867.81",
          "size": "0.006549",
          "side": "sell",
          "tradeId": "1147939009667219462"
        },
        {
          "ts": "1709415907857",
          "price": "61867.82",
          "size": "0.008345",
          "side": "buy",
          "tradeId": "1147939007989497859"
        },
        {
          "ts": "1709415907657",
          "price": "61867.82",
          "size": "0.033606",
          "side": "buy",
          "tradeId": "1147939007150637057"
        },
        {
          "ts": "1709415907107",
          "price": "61867.81",
          "size": "0.022820",
          "side": "sell",
          "tradeId": "1147939004843769862"
        },
        {
          "ts": "1709415906657",
          "price": "61867.81",
          "size": "0.033003",
          "side": "sell",
          "tradeId": "1147939002956333060"
        },
        {
          "ts": "1709415906106",
          "price": "61867.82",
          "size": "0.032425",
          "side": "buy",
          "tradeId": "1147939000645271554"
        },
        {
          "ts": "1709415905659",
          "price": "61867.81",
          "size": "0.005683",
          "side": "sell",
          "tradeId": "1147938998770417666"
        },
        {
          "ts": "1709415905510",
          "price": "61867.81",
          "size": "0.008046",
          "side": "sell",
          "tradeId": "1147938998145466456"
        },
        {
          "ts": "1709415905010",
          "price": "61867.82",
          "size": "0.005047",
          "side": "buy",
          "tradeId": "1147938996048314369"
        },
        {
          "ts": "1709415904811",
          "price": "61867.81",
          "size": "0.008280",
          "side": "sell",
          "tradeId": "1147938995213647963"
        },
        {
          "ts": "1709415904656",
          "price": "61867.81",
          "size": "0.021396",
          "side": "sell",
          "tradeId": "1147938994563530755"
        },
        {
          "ts": "1709415904206",
          "price": "61867.81",
          "size": "0.015973",
          "side": "sell",
          "tradeId": "1147938992676094151"
        },
        {
          "ts": "1709415904056",
          "price": "61867.82",
          "size": "0.012542",
          "side": "buy",
          "tradeId": "1147938992046948356"
        },
        {
          "ts": "1709415903658",
          "price": "61867.82",
          "size": "0.024989",
          "side": "buy",
          "tradeId": "1147938990377615361"
        },
        {
          "ts": "1709415903309",
          "price": "61867.82",
          "size": "0.019839",
          "side": "buy",
          "tradeId": "1147938988913803272"
        },
        {
          "ts": "1709415902760",
          "price": "61867.82",
          "size": "0.018872",
          "side": "buy",
          "tradeId": "1147938986611130370"
        },
        {
          "ts": "1709415902657",
          "price": "61867.82",
          "size": "0.023966",
          "side": "buy",
          "tradeId": "1147938986179117057"
        },
        {
          "ts": "1709415902457",
          "price": "61867.81",
          "size": "0.009150",
          "side": "sell",
          "tradeId": "1147938985340256289"
        },
        {
          "ts": "1709415901958",
          "price": "61867.81",
          "size": "0.007687",
          "side": "sell",
          "tradeId": "1147938983247298686"
        },
        {
          "ts": "1709415901682",
          "price": "61867.81",
          "size": "0.007950",
          "side": "sell",
          "tradeId": "1147938982089670663"
        },
        {
          "ts": "1709415901431",
          "price": "61867.82",
          "size": "0.000808",
          "side": "buy",
          "tradeId": "1147938981036900354"
        },
        {
          "ts": "1709415901056",
          "price": "61867.81",
          "size": "0.014758",
          "side": "sell",
          "tradeId": "1147938979464036396"
        },
        {
          "ts": "1709415900658",
          "price": "61867.81",
          "size": "0.018675",
          "side": "sell",
          "tradeId": "1147938977794703361"
        },
        {
          "ts": "1709415900063",
          "price": "61867.82",
          "size": "0.036418",
          "side": "buy",
          "tradeId": "1147938975299092482"
        },
        {
          "ts": "1709415899657",
          "price": "61867.82",
          "size": "0.017312",
          "side": "buy",
          "tradeId": "1147938973596205177"
        },
        {
          "ts": "1709415899407",
          "price": "61867.81",
          "size": "0.017517",
          "side": "sell",
          "tradeId": "1147938972547629127"
        },
        {
          "ts": "1709415899008",
          "price": "61867.81",
          "size": "0.046363",
          "side": "sell",
          "tradeId": "1147938970874101763"
        },
        {
          "ts": "1709415898660",
          "price": "61867.82",
          "size": "0.018067",
          "side": "buy",
          "tradeId": "1147938969414483970"
        },
        {
          "ts": "1709415898411",
          "price": "61867.82",
          "size": "0.031631",
          "side": "buy",
          "tradeId": "1147938968370102273"
        },
        {
          "ts": "1709415898010",
          "price": "61867.82",
          "size": "0.038797",
          "side": "buy",
          "tradeId": "1147938966688186373"
        },
        {
          "ts": "1709415897656",
          "price": "61867.82",
          "size": "0.025101",
          "side": "buy",
          "tradeId": "1147938965203402755"
        },
        {
          "ts": "1709415897061",
          "price": "61867.82",
          "size": "0.034923",
          "side": "buy",
          "tradeId": "1147938962707791943"
        },
        {
          "ts": "1709415896656",
          "price": "61867.81",
          "size": "0.013103",
          "side": "sell",
          "tradeId": "1147938961009098753"
        },
        {
          "ts": "1709415896108",
          "price": "61867.81",
          "size": "0.037927",
          "side": "sell",
          "tradeId": "1147938958710620161"
        },
        {
          "ts": "1709415895806",
          "price": "61867.81",
          "size": "0.012143",
          "side": "sell",
          "tradeId": "1147938957443940412"
        },
        {
          "ts": "1709415895658",
          "price": "61867.81",
          "size": "0.013711",
          "side": "sell",
          "tradeId": "1147938956823183365"
        },
        {
          "ts": "1709415895572",
          "price": "61867.81",
          "size": "0.000290",
          "side": "sell",
          "tradeId": "1147938956462473220"
        },
        {
          "ts": "1709415895572",
          "price": "61867.81",
          "size": "0.000365",
          "side": "sell",
          "tradeId": "1147938956462473218"
        },
        {
          "ts": "1709415895257",
          "price": "61867.81",
          "size": "0.008500",
          "side": "sell",
          "tradeId": "1147938955141267457"
        },
        {
          "ts": "1709415894809",
          "price": "61867.81",
          "size": "0.009617",
          "side": "sell",
          "tradeId": "1147938953262219265"
        },
        {
          "ts": "1709415894656",
          "price": "61867.82",
          "size": "0.033410",
          "side": "buy",
          "tradeId": "1147938952620490873"
        },
        {
          "ts": "1709415894207",
          "price": "61867.81",
          "size": "0.009753",
          "side": "sell",
          "tradeId": "1147938950737248257"
        },
        {
          "ts": "1709415893706",
          "price": "61867.81",
          "size": "0.012880",
          "side": "sell",
          "tradeId": "1147938948635901953"
        },
        {
          "ts": "1709415893656",
          "price": "61867.82",
          "size": "0.007208",
          "side": "buy",
          "tradeId": "1147938948426186757"
        },
        {
          "ts": "1709415893056",
          "price": "61867.81",
          "size": "0.005971",
          "side": "sell",
          "tradeId": "1147938945909604354"
        },
        {
          "ts": "1709415892862",
          "price": "61867.81",
          "size": "0.008264",
          "side": "sell",
          "tradeId": "1147938945095909481"
        },
        {
          "ts": "1709415892660",
          "price": "61867.81",
          "size": "0.019566",
          "side": "sell",
          "tradeId": "1147938944248659970"
        },
        {
          "ts": "1709415892357",
          "price": "61867.81",
          "size": "0.020585",
          "side": "sell",
          "tradeId": "1147938942977785857"
        },
        {
          "ts": "1709415891910",
          "price": "61867.81",
          "size": "0.009970",
          "side": "sell",
          "tradeId": "1147938941102931970"
        },
        {
          "ts": "1709415891657",
          "price": "61867.81",
          "size": "0.018644",
          "side": "sell",
          "tradeId": "1147938940041773059"
        },
        {
          "ts": "1709415891311",
          "price": "61867.81",
          "size": "0.009732",
          "side": "sell",
          "tradeId": "1147938938590543873"
        },
        {
          "ts": "1709415891056",
          "price": "61867.81",
          "size": "0.020562",
          "side": "sell",
          "tradeId": "1147938937520996355"
        },
        {
          "ts": "1709415890757",
          "price": "61867.82",
          "size": "0.013907",
          "side": "buy",
          "tradeId": "1147938936266899459"
        },
        {
          "ts": "1709415890660",
          "price": "61867.82",
          "size": "0.022164",
          "side": "buy",
          "tradeId": "1147938935860051969"
        },
        {
          "ts": "1709415890061",
          "price": "61867.82",
          "size": "0.046510",
          "side": "buy",
          "tradeId": "1147938933347663876"
        },
        {
          "ts": "1709415889661",
          "price": "61867.82",
          "size": "0.024532",
          "side": "buy",
          "tradeId": "1147938931669942276"
        },
        {
          "ts": "1709415889457",
          "price": "61867.81",
          "size": "0.008357",
          "side": "sell",
          "tradeId": "1147938930814304257"
        },
        {
          "ts": "1709415888906",
          "price": "61867.82",
          "size": "0.019933",
          "side": "buy",
          "tradeId": "1147938928503242839"
        },
        {
          "ts": "1709415888659",
          "price": "61867.81",
          "size": "0.026272",
          "side": "sell",
          "tradeId": "1147938927467249665"
        },
        {
          "ts": "1709415888056",
          "price": "61867.81",
          "size": "0.043615",
          "side": "sell",
          "tradeId": "1147938924938084355"
        },
        {
          "ts": "1709415887666",
          "price": "61867.82",
          "size": "0.059490",
          "side": "buy",
          "tradeId": "1147938923302305894"
        },
        {
          "ts": "1709415887108",
          "price": "61867.81",
          "size": "0.034813",
          "side": "sell",
          "tradeId": "1147938920961884161"
        },
        {
          "ts": "1709415886657",
          "price": "61867.81",
          "size": "0.028819",
          "side": "sell",
          "tradeId": "1147938919070253059"
        },
        {
          "ts": "1709415886260",
          "price": "61867.82",
          "size": "0.030349",
          "side": "buy",
          "tradeId": "1147938917405114369"
        },
        {
          "ts": "1709415885659",
          "price": "61867.81",
          "size": "0.030613",
          "side": "sell",
          "tradeId": "1147938914884337668"
        },
        {
          "ts": "1709415885591",
          "price": "61867.81",
          "size": "0.002384",
          "side": "sell",
          "tradeId": "1147938914599124995"
        },
        {
          "ts": "1709415885591",
          "price": "61867.81",
          "size": "0.002611",
          "side": "sell",
          "tradeId": "1147938914599124993"
        },
        {
          "ts": "1709415885107",
          "price": "61867.81",
          "size": "0.059810",
          "side": "sell",
          "tradeId": "1147938912569081861"
        },
        {
          "ts": "1709415884659",
          "price": "61867.82",
          "size": "0.015809",
          "side": "buy",
          "tradeId": "1147938910690033677"
        },
        {
          "ts": "1709415884056",
          "price": "61867.81",
          "size": "0.029416",
          "side": "sell",
          "tradeId": "1147938908160868353"
        },
        {
          "ts": "1709415883808",
          "price": "61867.81",
          "size": "0.024591",
          "side": "sell",
          "tradeId": "1147938907120680961"
        },
        {
          "ts": "1709415883660",
          "price": "61867.81",
          "size": "0.036470",
          "side": "sell",
          "tradeId": "1147938906499923969"
        },
        {
          "ts": "1709415883362",
          "price": "61867.81",
          "size": "0.003618",
          "side": "sell",
          "tradeId": "1147938905250021382"
        },
        {
          "ts": "1709415883362",
          "price": "61867.81",
          "size": "0.005692",
          "side": "sell",
          "tradeId": "1147938905250021379"
        },
        {
          "ts": "1709415883158",
          "price": "61867.81",
          "size": "0.057468",
          "side": "sell",
          "tradeId": "1147938904394383368"
        },
        {
          "ts": "1709415882658",
          "price": "61867.82",
          "size": "0.034698",
          "side": "buy",
          "tradeId": "1147938902297231361"
        },
        {
          "ts": "1709415882206",
          "price": "61867.82",
          "size": "0.012485",
          "side": "buy",
          "tradeId": "1147938900401405956"
        },
        {
          "ts": "1709415881660",
          "price": "61867.82",
          "size": "0.013276",
          "side": "buy",
          "tradeId": "1147938898111315969"
        },
        {
          "ts": "1709415881156",
          "price": "61867.82",
          "size": "0.036184",
          "side": "buy",
          "tradeId": "1147938895997386754"
        },
        {
          "ts": "1709415880661",
          "price": "61867.82",
          "size": "0.025427",
          "side": "buy",
          "tradeId": "1147938893921206273"
        },
        {
          "ts": "1709415880221",
          "price": "61867.82",
          "size": "0.019351",
          "side": "buy",
          "tradeId": "1147938892075712567"
        },
        {
          "ts": "1709415879860",
          "price": "61867.82",
          "size": "0.029765",
          "side": "buy",
          "tradeId": "1147938890561568770"
        },
        {
          "ts": "1709415879658",
          "price": "61867.82",
          "size": "0.023553",
          "side": "buy",
          "tradeId": "1147938889714319362"
        },
        {
          "ts": "1709415879108",
          "price": "61867.81",
          "size": "0.035157",
          "side": "sell",
          "tradeId": "1147938887407452161"
        },
        {
          "ts": "1709415878756",
          "price": "61867.82",
          "size": "0.009667",
          "side": "buy",
          "tradeId": "1147938885931057154"
        },
        {
          "ts": "1709415878657",
          "price": "61867.82",
          "size": "0.017881",
          "side": "buy",
          "tradeId": "1147938885515821153"
        },
        {
          "ts": "1709415878260",
          "price": "61867.81",
          "size": "0.023625",
          "side": "sell",
          "tradeId": "1147938883850682370"
        },
        {
          "ts": "1709415877906",
          "price": "61867.82",
          "size": "0.041000",
          "side": "buy",
          "tradeId": "1147938882365898753"
        },
        {
          "ts": "1709415877659",
          "price": "61867.82",
          "size": "0.014803",
          "side": "buy",
          "tradeId": "1147938881329905670"
        },
        {
          "ts": "1709415877212",
          "price": "61867.82",
          "size": "0.029944",
          "side": "buy",
          "tradeId": "1147938879455051777"
        },
        {
          "ts": "1709415876686",
          "price": "61867.82",
          "size": "0.000166",
          "side": "buy",
          "tradeId": "1147938877248847874"
        },
        {
          "ts": "1709415876658",
          "price": "61867.82",
          "size": "0.017426",
          "side": "buy",
          "tradeId": "1147938877131407361"
        },
        {
          "ts": "1709415876310",
          "price": "61867.81",
          "size": "0.022049",
          "side": "sell",
          "tradeId": "1147938875671789569"
        },
        {
          "ts": "1709415875806",
          "price": "61867.81",
          "size": "0.019918",
          "side": "sell",
          "tradeId": "1147938873557860353"
        },
        {
          "ts": "1709415875662",
          "price": "61867.81",
          "size": "0.026797",
          "side": "sell",
          "tradeId": "1147938872953880579"
        },
        {
          "ts": "1709415875108",
          "price": "61867.81",
          "size": "0.020673",
          "side": "sell",
          "tradeId": "1147938870630236163"
        },
        {
          "ts": "1709415874812",
          "price": "61867.81",
          "size": "0.015900",
          "side": "sell",
          "tradeId": "1147938869388722179"
        },
        {
          "ts": "1709415874657",
          "price": "61867.81",
          "size": "0.029341",
          "side": "sell",
          "tradeId": "1147938868738605058"
        },
        {
          "ts": "1709415874159",
          "price": "61867.82",
          "size": "0.029051",
          "side": "buy",
          "tradeId": "1147938866649841665"
        },
        {
          "ts": "1709415873663",
          "price": "61867.82",
          "size": "0.024575",
          "side": "buy",
          "tradeId": "1147938864569466881"
        },
        {
          "ts": "1709415873210",
          "price": "61867.81",
          "size": "0.036214",
          "side": "sell",
          "tradeId": "1147938862669447169"
        },
        {
          "ts": "1709415872957",
          "price": "61867.81",
          "size": "0.018447",
          "side": "sell",
          "tradeId": "1147938861608288257"
        },
        {
          "ts": "1709415872656",
          "price": "61867.82",
          "size": "0.021723",
          "side": "buy",
          "tradeId": "1147938860345802756"
        },
        {
          "ts": "1709415872112",
          "price": "61867.81",
          "size": "0.017497",
          "side": "sell",
          "tradeId": "1147938858064101377"
        },
        {
          "ts": "1709415872006",
          "price": "61867.81",
          "size": "0.012012",
          "side": "sell",
          "tradeId": "1147938857619505155"
        },
        {
          "ts": "1709415871660",
          "price": "61867.82",
          "size": "0.028102",
          "side": "buy",
          "tradeId": "1147938856168275974"
        },
        {
          "ts": "1709415871206",
          "price": "61867.81",
          "size": "0.019215",
          "side": "sell",
          "tradeId": "1147938854264061954"
        },
        {
          "ts": "1709415870856",
          "price": "61867.82",
          "size": "0.031453",
          "side": "buy",
          "tradeId": "1147938852796055553"
        },
        {
          "ts": "1709415870656",
          "price": "61867.82",
          "size": "0.010848",
          "side": "buy",
          "tradeId": "1147938851957194754"
        },
        {
          "ts": "1709415870106",
          "price": "61867.82",
          "size": "0.011686",
          "side": "buy",
          "tradeId": "1147938849650327555"
        },
        {
          "ts": "1709415869656",
          "price": "61867.82",
          "size": "0.012665",
          "side": "buy",
          "tradeId": "1147938847762890755"
        },
        {
          "ts": "1709415869310",
          "price": "61867.81",
          "size": "0.028884",
          "side": "sell",
          "tradeId": "1147938846311661569"
        },
        {
          "ts": "1709415868811",
          "price": "61867.82",
          "size": "0.032907",
          "side": "buy",
          "tradeId": "1147938844218703876"
        },
        {
          "ts": "1709415868657",
          "price": "61867.82",
          "size": "0.022399",
          "side": "buy",
          "tradeId": "1147938843572781058"
        },
        {
          "ts": "1709415868408",
          "price": "61867.82",
          "size": "0.022173",
          "side": "buy",
          "tradeId": "1147938842528399363"
        },
        {
          "ts": "1709415867960",
          "price": "61867.82",
          "size": "0.034731",
          "side": "buy",
          "tradeId": "1147938840649351169"
        },
        {
          "ts": "1709415867656",
          "price": "61867.82",
          "size": "0.015196",
          "side": "buy",
          "tradeId": "1147938839374282754"
        },
        {
          "ts": "1709415867256",
          "price": "61867.81",
          "size": "0.018452",
          "side": "sell",
          "tradeId": "1147938837696561155"
        },
        {
          "ts": "1709415866957",
          "price": "61867.81",
          "size": "0.008365",
          "side": "sell",
          "tradeId": "1147938836442464257"
        },
        {
          "ts": "1709415866660",
          "price": "61867.81",
          "size": "0.034666",
          "side": "sell",
          "tradeId": "1147938835196755968"
        },
        {
          "ts": "1709415866265",
          "price": "61867.82",
          "size": "0.023534",
          "side": "buy",
          "tradeId": "1147938833540005892"
        },
        {
          "ts": "1709415865662",
          "price": "61867.81",
          "size": "0.005591",
          "side": "sell",
          "tradeId": "1147938831010840579"
        },
        {
          "ts": "1709415865458",
          "price": "61867.82",
          "size": "0.011007",
          "side": "buy",
          "tradeId": "1147938830155202562"
        },
        {
          "ts": "1709415864858",
          "price": "61867.81",
          "size": "0.012105",
          "side": "sell",
          "tradeId": "1147938827638620173"
        },
        {
          "ts": "1709415864656",
          "price": "61867.81",
          "size": "0.030548",
          "side": "sell",
          "tradeId": "1147938826791370760"
        },
        {
          "ts": "1709415864264",
          "price": "61867.81",
          "size": "0.022471",
          "side": "sell",
          "tradeId": "1147938825147203598"
        },
        {
          "ts": "1709415864009",
          "price": "61867.82",
          "size": "0.037615",
          "side": "buy",
          "tradeId": "1147938824077656066"
        },
        {
          "ts": "1709415863660",
          "price": "61867.81",
          "size": "0.058129",
          "side": "sell",
          "tradeId": "1147938822613843969"
        },
        {
          "ts": "1709415863156",
          "price": "61867.82",
          "size": "0.027753",
          "side": "buy",
          "tradeId": "1147938820499914755"
        },
        {
          "ts": "1709415862656",
          "price": "61867.82",
          "size": "0.017230",
          "side": "buy",
          "tradeId": "1147938818402762753"
        },
        {
          "ts": "1709415862458",
          "price": "61867.82",
          "size": "0.021698",
          "side": "buy",
          "tradeId": "1147938817572290565"
        },
        {
          "ts": "1709415862008",
          "price": "61867.81",
          "size": "0.018476",
          "side": "sell",
          "tradeId": "1147938815684853763"
        },
        {
          "ts": "1709415861656",
          "price": "61867.82",
          "size": "0.018268",
          "side": "buy",
          "tradeId": "1147938814208458817"
        },
        {
          "ts": "1709415861164",
          "price": "61867.81",
          "size": "0.022539",
          "side": "sell",
          "tradeId": "1147938812144861185"
        },
        {
          "ts": "1709415860659",
          "price": "61867.82",
          "size": "0.021251",
          "side": "buy",
          "tradeId": "1147938810026737675"
        },
        {
          "ts": "1709415860256",
          "price": "61867.82",
          "size": "0.039577",
          "side": "buy",
          "tradeId": "1147938808336433156"
        },
        {
          "ts": "1709415859807",
          "price": "61867.81",
          "size": "0.030863",
          "side": "sell",
          "tradeId": "1147938806453190712"
        },
        {
          "ts": "1709415859656",
          "price": "61867.81",
          "size": "0.012068",
          "side": "sell",
          "tradeId": "1147938805819850754"
        },
        {
          "ts": "1709415859264",
          "price": "61867.81",
          "size": "0.016302",
          "side": "sell",
          "tradeId": "1147938804175683585"
        },
        {
          "ts": "1709415858658",
          "price": "61867.81",
          "size": "0.010624",
          "side": "sell",
          "tradeId": "1147938801633935361"
        },
        {
          "ts": "1709415858156",
          "price": "61867.81",
          "size": "0.013596",
          "side": "sell",
          "tradeId": "1147938799528394832"
        },
        {
          "ts": "1709415857658",
          "price": "61867.81",
          "size": "0.037388",
          "side": "sell",
          "tradeId": "1147938797439631365"
        },
        {
          "ts": "1709415857461",
          "price": "61867.82",
          "size": "0.032216",
          "side": "buy",
          "tradeId": "1147938796613353473"
        },
        {
          "ts": "1709415857060",
          "price": "61867.82",
          "size": "0.018568",
          "side": "buy",
          "tradeId": "1147938794931437571"
        },
        {
          "ts": "1709415856656",
          "price": "61867.81",
          "size": "0.014489",
          "side": "sell",
          "tradeId": "1147938793236938841"
        },
        {
          "ts": "1709415856610",
          "price": "61867.81",
          "size": "0.015952",
          "side": "sell",
          "tradeId": "1147938793044000769"
        },
        {
          "ts": "1709415856007",
          "price": "61867.81",
          "size": "0.035606",
          "side": "sell",
          "tradeId": "1147938790514835457"
        },
        {
          "ts": "1709415855669",
          "price": "61867.81",
          "size": "0.029984",
          "side": "sell",
          "tradeId": "1147938789097160718"
        },
        {
          "ts": "1709415855210",
          "price": "61867.82",
          "size": "0.034532",
          "side": "buy",
          "tradeId": "1147938787171975169"
        },
        {
          "ts": "1709415854656",
          "price": "61867.81",
          "size": "0.010275",
          "side": "sell",
          "tradeId": "1147938784848330753"
        },
        {
          "ts": "1709415854211",
          "price": "61867.81",
          "size": "0.009509",
          "side": "sell",
          "tradeId": "1147938782981865485"
        },
        {
          "ts": "1709415853909",
          "price": "61867.81",
          "size": "0.008753",
          "side": "sell",
          "tradeId": "1147938781715185666"
        },
        {
          "ts": "1709415853658",
          "price": "61867.81",
          "size": "0.036623",
          "side": "sell",
          "tradeId": "1147938780662415363"
        },
        {
          "ts": "1709415853106",
          "price": "61867.81",
          "size": "0.050214",
          "side": "sell",
          "tradeId": "1147938778347159657"
        },
        {
          "ts": "1709415852657",
          "price": "61867.81",
          "size": "0.015089",
          "side": "sell",
          "tradeId": "1147938776463917058"
        },
        {
          "ts": "1709415852160",
          "price": "61867.82",
          "size": "0.022096",
          "side": "buy",
          "tradeId": "1147938774379348072"
        },
        {
          "ts": "1709415852008",
          "price": "61867.82",
          "size": "0.035948",
          "side": "buy",
          "tradeId": "1147938773741813764"
        },
        {
          "ts": "1709415851658",
          "price": "61867.81",
          "size": "0.005758",
          "side": "sell",
          "tradeId": "1147938772273807363"
        },
        {
          "ts": "1709415851313",
          "price": "61867.82",
          "size": "0.005717",
          "side": "buy",
          "tradeId": "1147938770826772489"
        },
        {
          "ts": "1709415850860",
          "price": "61867.81",
          "size": "0.005722",
          "side": "sell",
          "tradeId": "1147938768926752771"
        },
        {
          "ts": "1709415850657",
          "price": "61867.82",
          "size": "0.007633",
          "side": "buy",
          "tradeId": "1147938768075309057"
        },
        {
          "ts": "1709415850465",
          "price": "61867.82",
          "size": "0.005558",
          "side": "buy",
          "tradeId": "1147938767270002690"
        },
        {
          "ts": "1709415849857",
          "price": "61867.81",
          "size": "0.009562",
          "side": "sell",
          "tradeId": "1147938764719865940"
        },
        {
          "ts": "1709415849658",
          "price": "61867.82",
          "size": "0.015690",
          "side": "buy",
          "tradeId": "1147938763885199361"
        },
        {
          "ts": "1709415849110",
          "price": "61867.82",
          "size": "0.029420",
          "side": "buy",
          "tradeId": "1147938761586720769"
        },
        {
          "ts": "1709415848957",
          "price": "61867.82",
          "size": "0.015797",
          "side": "buy",
          "tradeId": "1147938760944992462"
        },
        {
          "ts": "1709415848759",
          "price": "61867.82",
          "size": "0.014301",
          "side": "buy",
          "tradeId": "1147938760114520066"
        },
        {
          "ts": "1709415848656",
          "price": "61867.82",
          "size": "0.011646",
          "side": "buy",
          "tradeId": "1147938759682506754"
        },
        {
          "ts": "1709415848357",
          "price": "61867.82",
          "size": "0.004038",
          "side": "buy",
          "tradeId": "1147938758428410060"
        },
        {
          "ts": "1709415848057",
          "price": "61867.81",
          "size": "0.014101",
          "side": "sell",
          "tradeId": "1147938757170118659"
        },
        {
          "ts": "1709415847656",
          "price": "61867.81",
          "size": "0.007244",
          "side": "sell",
          "tradeId": "1147938755488202754"
        },
        {
          "ts": "1709415847060",
          "price": "61867.82",
          "size": "0.015408",
          "side": "buy",
          "tradeId": "1147938752988397569"
        },
        {
          "ts": "1709415846656",
          "price": "61867.90",
          "size": "0.007288",
          "side": "sell",
          "tradeId": "1147938751293898756"
        },
        {
          "ts": "1709415846106",
          "price": "61867.80",
          "size": "0.008772",
          "side": "buy",
          "tradeId": "1147938748987031553"
        },
        {
          "ts": "1709415845656",
          "price": "61866.44",
          "size": "0.010589",
          "side": "buy",
          "tradeId": "1147938747099594753"
        },
        {
          "ts": "1709415845413",
