[
  {
    "timestamp": 1706188124.9262881,
    "data": {
      "topic": "publicTrade.BTCUSDT",
      "ts": 1706188118106,
      "type": "snapshot",
      "data": [
        {
          "i": "2290000000101206468",
          "T": 1706188118104,
          "p": "39889.44",
          "v": "0.017135",
          "S": "Sell",
          "s": "BTCUSDT",
          "BT": false
        }
      ]
    }
  },
  {
    "timestamp": 1706188124.9267063,
    "data": {
      "topic": "publicTrade.BTCUSDT",
      "ts": 1706188118967,
      "type": "snapshot",
      "data": [
        {
          "i": "2290000000101206479",
          "T": 1706188118965,
          "p": "39889.43",
          "v": "0.007886",
          "S": "Sell",
          "s": "BTCUSDT",
          "BT": false
        },
        {
          "i": "2290000000101206480",
          "T": 1706188118965,
          "p": "39889.41",
          "v": "0.005",
          "S": "Sell",
          "s": "BTCUSDT",
          "BT": false
        }
      ]
    }
  },
  {
    "timestamp": 1706188124.9273143,
    "data": {
      "topic": "publicTrade.BTCUSDT",
      "ts": 1706188118978,
      "type": "snapshot",
      "data": [
        {
          "i": "2290000000101206482",
          "T": 1706188118976,
          "p": "39888.08",
          "v": "0.013",
          "S": "Sell",
          "s": "BTCUSDT",
          "BT": false
        },
        {
          "i": "2290000000101206483",
          "T": 1706188118976,
          "p": "39887.91",
          "v": "0.005",
          "S": "Sell",
          "s": "BTCUSDT",
          "BT": false
        }
      ]
    }
  },
  {
    "timestamp": 1706188126.2730637,
    "data": {
      "topic": "publicTrade.BTCUSDT",
      "ts": 1706188123811,
      "type": "snapshot",
      "data": [
        {
          "i": "2290000000101206485",
          "T": 1706188123809,
          "p": "39887.33",
          "v": "0.0627",
          "S": "Buy",
          "s": "BTCUSDT",
          "BT": false
        }
      ]
    }
  },
  {
    "timestamp": 1706188127.796347,
    "data": {
      "topic": "publicTrade.BTCUSDT",
      "ts": 1706188125852,
      "type": "snapshot",
      "data": [
        {
          "i": "2290000000101206487",
          "T": 1706188125850,
          "p": "39887.33",
          "v": "0.018644",
          "S": "Buy",
          "s": "BTCUSDT",
          "BT": false
        }
      ]
    }
  },
  {
    "timestamp": 1706188129.9978569,
    "data": {
      "topic": "publicTrade.BTCUSDT",
      "ts": 1706188128698,
      "type": "snapshot",
      "data": [
        {
          "i": "2290000000101206489",
          "T": 1706188128697,
          "p": "39889.46",
          "v": "0.000081",
          "S": "Sell",
          "s": "BTCUSDT",
          "BT": false
        }
      ]
    }
  },
  {
    "timestamp": 1706188139.8080797,
    "data": {
      "success": true,
      "ret_msg": "pong",
      "conn_id": "1bbd9db0-8718-4710-aa5e-a30573871b0d",
      "op": "ping"
    }
  },
  {
    "timestamp": 1706188147.1911159,
    "data": {
      "topic": "publicTrade.BTCUSDT",
      "ts": 1706188140089,
      "type": "snapshot",
      "data": [
        {
          "i": "2290000000101206493",
          "T": 1706188140087,
          "p": "39891.43",
          "v": "0.00214",
          "S": "Buy",
          "s": "BTCUSDT",
          "BT": false
        }
      ]
    }
  },
  {
    "timestamp": 1706188147.1925051,
    "data": {
      "topic": "publicTrade.BTCUSDT",
      "ts": 1706188141716,
      "type": "snapshot",
      "data": [
        {
          "i": "2290000000101206495",
          "T": 1706188141715,
          "p": "39893.01",
          "v": "0.016315",
          "S": "Buy",
          "s": "BTCUSDT",
          "BT": false
        }
      ]
    }
  },
  {
    "timestamp": 1706188153.7340903,
    "data": {
      "topic": "publicTrade.BTCUSDT",
      "ts": 1706188145840,
      "type": "snapshot",
      "data": [
        {
          "i": "2290000000101206497",
          "T": 1706188145839,
          "p": "39893.01",
          "v": "0.0262",
          "S": "Buy",
          "s": "BTCUSDT",
          "BT": false
        }
      ]
    }
  },
  {
    "timestamp": 1706188153.7352185,
    "data": {
      "topic": "publicTrade.BTCUSDT",
      "ts": 1706188145854,
      "type": "snapshot",
      "data": [
        {
          "i": "2290000000101206499",
          "T": 1706188145852,
          "p": "39893.4",
          "v": "0.000427",
          "S": "Buy",
          "s": "BTCUSDT",
          "BT": false
        }
      ]
    }
  },
  {
    "timestamp": 1706188163.9310195,
    "data": {
      "topic": "publicTrade.BTCUSDT",
      "ts": 1706188153906,
      "type": "snapshot",
      "data": [
        {
          "i": "2290000000101206502",
          "T": 1706188153904,
          "p": "39897.38",
          "v": "0.001604",
          "S": "Buy",
          "s": "BTCUSDT",
          "BT": false
        }
      ]
    }
  },
  {
    "timestamp": 1706188168.4696653,
    "data": {
      "success": true,
      "ret_msg": "pong",
      "conn_id": "1bbd9db0-8718-4710-aa5e-a30573871b0d",
      "op": "ping"
    }
  },
  {
    "timestamp": 1706188168.4703207,
    "data": {
      "topic": "publicTrade.BTCUSDT",
      "ts": 1706188159904,
      "type": "snapshot",
      "data": [
        {
          "i": "2290000000101206506",
          "T": 1706188159902,
          "p": "39900.85",
          "v": "0.059584",
          "S": "Buy",
          "s": "BTCUSDT",
          "BT": false
        },
        {
          "i": "2290000000101206507",
          "T": 1706188159902,
          "p": "39902.13",
          "v": "0.005",
          "S": "Buy",
          "s": "BTCUSDT",
          "BT": false
        },
        {
          "i": "2290000000101206508",
          "T": 1706188159902,
          "p": "39903.03",
          "v": "0.035416",
          "S": "Buy",
          "s": "BTCUSDT",
          "BT": false
        }
      ]
    }
  },
  {
    "timestamp": 1706188168.4710157,
    "data": {
      "topic": "publicTrade.BTCUSDT",
      "ts": 1706188159941,
      "type": "snapshot",
      "data": [
        {
          "i": "2290000000101206511",
          "T": 1706188159940,
          "p": "39903.15",
          "v": "0.001081",
          "S": "Buy",
          "s": "BTCUSDT",
          "BT": false
        },
        {
          "i": "2290000000101206512",
          "T": 1706188159940,
          "p": "39904",
          "v": "0.001",
          "S": "Buy",
          "s": "BTCUSDT",
          "BT": false
        }
      ]
    }
  },
  {
    "timestamp": 1706188168.4719796,
    "data": {
      "topic": "publicTrade.BTCUSDT",
      "ts": 1706188160436,
      "type": "snapshot",
      "data": [
        {
          "i": "2290000000101206514",
          "T": 1706188160434,
          "p": "39903.15",
          "v": "0.023321",
          "S": "Buy",
          "s": "BTCUSDT",
          "BT": false
        }
      ]
    }
  },
  {
    "timestamp": 1706188168.472925,
    "data": {
      "topic": "publicTrade.BTCUSDT",
      "ts": 1706188160462,
      "type": "snapshot",
      "data": [
        {
          "i": "2290000000101206516",
          "T": 1706188160460,
          "p": "39903.15",
          "v": "0.017608",
          "S": "Buy",
          "s": "BTCUSDT",
          "BT": false
        },
        {
          "i": "2290000000101206517",
          "T": 1706188160460,
          "p": "39903.15",
          "v": "0.004301",
          "S": "Buy",
          "s": "BTCUSDT",
          "BT": false
        },
        {
          "i": "2290000000101206518",
          "T": 1706188160460,
          "p": "39903.32",
          "v": "0.018203",
          "S": "Buy",
          "s": "BTCUSDT",
          "BT": false
        }
      ]
    }
  },
  {
    "timestamp": 1706188168.4741302,
    "data": {
      "topic": "publicTrade.BTCUSDT",
      "ts": 1706188160486,
      "type": "snapshot",
      "data": [
        {
          "i": "2290000000101206520",
          "T": 1706188160485,
          "p": "39903.32",
          "v": "0.038443",
          "S": "Buy",
          "s": "BTCUSDT",
          "BT": false
        },
        {
          "i": "2290000000101206521",
          "T": 1706188160485,
          "p": "39903.32",
          "v": "0.018203",
          "S": "Buy",
          "s": "BTCUSDT",
          "BT": false
        }
      ]
    }
  },
  {
    "timestamp": 1706188176.62722,
    "data": {
      "topic": "publicTrade.BTCUSDT",
      "ts": 1706188165744,
      "type": "snapshot",
      "data": [
        {
          "i": "2290000000101206524",
          "T": 1706188165743,
          "p": "39901.73",
          "v": "0.005",
          "S": "Sell",
          "s": "BTCUSDT",
          "BT": false
        }
      ]
    }
  },
  {
    "timestamp": 1706188176.6285,
    "data": {
      "topic": "publicTrade.BTCUSDT",
      "ts": 1706188166561,
      "type": "snapshot",
      "data": [
        {
          "i": "2290000000101206526",
          "T": 1706188166558,
          "p": "39899.43",
          "v": "0.001103",
          "S": "Buy",
          "s": "BTCUSDT",
          "BT": false
        }
      ]
    }
  },
  {
    "timestamp": 1706188176.6298695,
    "data": {
      "topic": "publicTrade.BTCUSDT",
      "ts": 1706188169384,
      "type": "snapshot",
      "data": [
        {
          "i": "2290000000101206528",
          "T": 1706188169382,
          "p": "39899.43",
          "v": "0.000125",
          "S": "Buy",
          "s": "BTCUSDT",
          "BT": false
        }
      ]
    }
  },
  {
    "timestamp": 1706188183.8752267,
    "data": {
      "topic": "publicTrade.BTCUSDT",
      "ts": 1706188172477,
      "type": "snapshot",
      "data": [
        {
          "i": "2290000000101206530",
          "T": 1706188172475,
          "p": "39899.42",
          "v": "0.000283",
          "S": "Sell",
          "s": "BTCUSDT",
          "BT": false
        }
      ]
    }
  },
  {
    "timestamp": 1706188183.8765855,
    "data": {
      "topic": "publicTrade.BTCUSDT",
      "ts": 1706188173190,
      "type": "snapshot",
      "data": [
        {
          "i": "2290000000101206532",
          "T": 1706188173188,
          "p": "39899.43",
          "v": "0.000302",
          "S": "Buy",
          "s": "BTCUSDT",
          "BT": false
        }
      ]
    }
  },
  {
    "timestamp": 1706188191.19321,
    "data": {
      "topic": "publicTrade.BTCUSDT",
      "ts": 1706188182573,
      "type": "snapshot",
      "data": [
        {
          "i": "2290000000101206536",
          "T": 1706188182571,
          "p": "39902.03",
          "v": "0.07",
          "S": "Buy",
          "s": "BTCUSDT",
          "BT": false
        }
      ]
    }
  },
  {
    "timestamp": 1706188199.0997062,
    "data": {
      "topic": "publicTrade.BTCUSDT",
      "ts": 1706188187080,
      "type": "snapshot",
      "data": [
        {
          "i": "2290000000101206537",
          "T": 1706188187078,
          "p": "39903.03",
          "v": "0.000055",
          "S": "Buy",
          "s": "BTCUSDT",
          "BT": false
        }
      ]
    }
  },
  {
    "timestamp": 1706188199.1011167,
    "data": {
      "topic": "publicTrade.BTCUSDT",
      "ts": 1706188188610,
      "type": "snapshot",
      "data": [
        {
          "i": "2290000000101206539",
          "T": 1706188188608,
          "p": "39903.02",
          "v": "0.005",
          "S": "Sell",
          "s": "BTCUSDT",
          "BT": false
        }
      ]
    }
  },
  {
    "timestamp": 1706188199.102392,
    "data": {
      "topic": "publicTrade.BTCUSDT",
      "ts": 1706188188612,
      "type": "snapshot",
      "data": [
        {
          "i": "2290000000101206547",
          "T": 1706188188610,
          "p": "39901.12",
          "v": "0.00061",
          "S": "Sell",
          "s": "BTCUSDT",
          "BT": false
        }
      ]
    }
  },
  {
    "timestamp": 1706188199.1037557,
    "data": {
      "topic": "publicTrade.BTCUSDT",
      "ts": 1706188188616,
      "type": "snapshot",
      "data": [
        {
          "i": "2290000000101206551",
          "T": 1706188188614,
          "p": "39900.12",
          "v": "0.07",
          "S": "Sell",
          "s": "BTCUSDT",
          "BT": false
        },
        {
          "i": "2290000000101206552",
          "T": 1706188188614,
          "p": "39900",
          "v": "0.005",
          "S": "Sell",
          "s": "BTCUSDT",
          "BT": false
        },
        {
          "i": "2290000000101206553",
          "T": 1706188188614,
          "p": "39899.43",
          "v": "0.000223",
          "S": "Sell",
          "s": "BTCUSDT",
          "BT": false
        },
        {
          "i": "2290000000101206554",
          "T": 1706188188614,
          "p": "39899.42",
          "v": "0.024775",
          "S": "Sell",
          "s": "BTCUSDT",
          "BT": false
        }
      ]
    }
  },
  {
    "timestamp": 1706188199.1053026,
    "data": {
      "topic": "publicTrade.BTCUSDT",
      "ts": 1706188188618,
      "type": "snapshot",
      "data": [
        {
          "i": "2290000000101206556",
          "T": 1706188188616,
          "p": "39898.5",
          "v": "0.005",
          "S": "Sell",
          "s": "BTCUSDT",
          "BT": false
        },
        {
          "i": "2290000000101206557",
          "T": 1706188188616,
          "p": "39897.44",
          "v": "0.007576",
          "S": "Sell",
          "s": "BTCUSDT",
          "BT": false
        },
        {
          "i": "2290000000101206558",
          "T": 1706188188616,
          "p": "39897.37",
          "v": "0.000074",
          "S": "Sell",
          "s": "BTCUSDT",
          "BT": false
        },
        {
          "i": "2290000000101206559",
          "T": 1706188188616,
          "p": "39897.37",
          "v": "0.006316",
          "S": "Sell",
          "s": "BTCUSDT",
          "BT": false
        },
        {
          "i": "2290000000101206560",
          "T": 1706188188616,
          "p": "39897.14",
          "v": "0.005",
          "S": "Sell",
          "s": "BTCUSDT",
          "BT": false
        },
        {
          "i": "2290000000101206561",
          "T": 1706188188616,
          "p": "39897.07",
          "v": "0.03024",
          "S": "Sell",
          "s": "BTCUSDT",
          "BT": false
        },
        {
          "i": "2290000000101206562",
          "T": 1706188188616,
          "p": "39896.72",
          "v": "0.039452",
          "S": "Sell",
          "s": "BTCUSDT",
          "BT": false
        },
        {
          "i": "2290000000101206563",
          "T": 1706188188616,
          "p": "39895.06",
          "v": "0.175459",
          "S": "Sell",
          "s": "BTCUSDT",
          "BT": false
        }
      ]
    }
  },
  {
    "timestamp": 1706188199.1067853,
    "data": {
      "topic": "publicTrade.BTCUSDT",
      "ts": 1706188188624,
      "type": "snapshot",
      "data": [
        {
          "i": "2290000000101206565",
          "T": 1706188188623,
          "p": "39893.81",
          "v": "0.011639",
          "S": "Sell",
          "s": "BTCUSDT",
          "BT": false
        }
      ]
    }
  },
  {
    "timestamp": 1706188199.1083505,
    "data": {
      "topic": "publicTrade.BTCUSDT",
      "ts": 1706188188660,
      "type": "snapshot",
      "data": [
        {
          "i": "2290000000101206567",
          "T": 1706188188658,
          "p": "39900.13",
          "v": "0.006997",
          "S": "Sell",
          "s": "BTCUSDT",
          "BT": false
        }
      ]
    }
  },
  {
    "timestamp": 1706188199.1099076,
    "data": {
      "topic": "publicTrade.BTCUSDT",
      "ts": 1706188188749,
      "type": "snapshot",
      "data": [
        {
          "i": "2290000000101206571",
          "T": 1706188188748,
          "p": "39893.81",
          "v": "0.013255",
          "S": "Sell",
          "s": "BTCUSDT",
          "BT": false
        }
      ]
    }
  },
  {
    "timestamp": 1706188199.112927,
    "data": {
      "topic": "publicTrade.BTCUSDT",
      "ts": 1706188189754,
      "type": "snapshot",
      "data": [
        {
          "i": "2290000000101206573",
          "T": 1706188189752,
          "p": "39893.81",
          "v": "0.000075",
          "S": "Sell",
          "s": "BTCUSDT",
          "BT": false
        },
        {
          "i": "2290000000101206574",
          "T": 1706188189752,
          "p": "39893.81",
          "v": "0.002148",
          "S": "Sell",
          "s": "BTCUSDT",
          "BT": false
        },
        {
          "i": "2290000000101206575",
          "T": 1706188189752,
          "p": "39893.81",
          "v": "0.002777",
          "S": "Sell",
          "s": "BTCUSDT",
          "BT": false
        }
      ]
    }
  },
  {
    "timestamp": 1706188199.1149542,
    "data": {
      "topic": "publicTrade.BTCUSDT",
      "ts": 1706188189755,
      "type": "snapshot",
      "data": [
        {
          "i": "2290000000101206577",
          "T": 1706188189754,
          "p": "39893.81",
          "v": "0.053948",
          "S": "Sell",
          "s": "BTCUSDT",
          "BT": false
        }
      ]
    }
  },
  {
    "timestamp": 1706188199.1166854,
    "data": {
      "topic": "publicTrade.BTCUSDT",
      "ts": 1706188189762,
      "type": "snapshot",
      "data": [
        {
          "i": "2290000000101206579",
          "T": 1706188189760,
          "p": "39893",
          "v": "0.013514",
          "S": "Sell",
          "s": "BTCUSDT",
          "BT": false
        }
      ]
    }
  },
  {
    "timestamp": 1706188199.118294,
    "data": {
      "topic": "publicTrade.BTCUSDT",
      "ts": 1706188189788,
      "type": "snapshot",
      "data": [
        {
          "i": "2290000000101206582",
          "T": 1706188189786,
          "p": "39892.69",
          "v": "0.011",
          "S": "Sell",
          "s": "BTCUSDT",
          "BT": false
        },
        {
          "i": "2290000000101206583",
          "T": 1706188189786,
          "p": "39891.1",
          "v": "0.002514",
          "S": "Sell",
          "s": "BTCUSDT",
          "BT": false
        }
      ]
    }
  },
  {
    "timestamp": 1706188210.865187,
    "data": {
      "topic": "publicTrade.BTCUSDT",
      "ts": 1706188192209,
      "type": "snapshot",
      "data": [
        {
          "i": "2290000000101206588",
          "T": 1706188192208,
          "p": "39886.06",
          "v": "0.052267",
          "S": "Sell",
          "s": "BTCUSDT",
          "BT": false
        },
        {
          "i": "2290000000101206589",
          "T": 1706188192208,
          "p": "39885.84",
          "v": "0.012",
          "S": "Sell",
          "s": "BTCUSDT",
          "BT": false
        }
      ]
    }
  },
  {
    "timestamp": 1706188210.8668942,
    "data": {
      "topic": "publicTrade.BTCUSDT",
      "ts": 1706188192214,
      "type": "snapshot",
      "data": [
        {
          "i": "2290000000101206591",
          "T": 1706188192213,
          "p": "39883.3",
          "v": "0.005",
          "S": "Sell",
          "s": "BTCUSDT",
          "BT": false
        },
        {
          "i": "2290000000101206592",
          "T": 1706188192213,
          "p": "39881.8",
          "v": "0.005",
          "S": "Sell",
          "s": "BTCUSDT",
          "BT": false
        },
        {
          "i": "2290000000101206593",
          "T": 1706188192213,
          "p": "39881.5",
          "v": "0.002338",
          "S": "Sell",
          "s": "BTCUSDT",
          "BT": false
        }
      ]
    }
  },
  {
    "timestamp": 1706188210.8687499,
    "data": {
      "topic": "publicTrade.BTCUSDT",
      "ts": 1706188197979,
      "type": "snapshot",
      "data": [
        {
          "i": "2290000000101206596",
          "T": 1706188197978,
          "p": "39879.63",
          "v": "0.000037",
          "S": "Buy",
          "s": "BTCUSDT",
          "BT": false
        }
      ]
    }
  },
  {
    "timestamp": 1706188222.1786225,
    "data": {
      "topic": "publicTrade.BTCUSDT",
      "ts": 1706188208450,
      "type": "snapshot",
      "data": [
        {
          "i": "2290000000101206599",
          "T": 1706188208448,
          "p": "39887.31",
          "v": "0.07",
          "S": "Buy",
          "s": "BTCUSDT",
          "BT": false
        },
        {
          "i": "2290000000101206600",
          "T": 1706188208448,
          "p": "39888.48",
          "v": "0.007904",
          "S": "Buy",
          "s": "BTCUSDT",
          "BT": false
        }
      ]
    }
  },
  {
    "timestamp": 1706188222.181046,
    "data": {
      "topic": "publicTrade.BTCUSDT",
      "ts": 1706188210791,
      "type": "snapshot",
      "data": [
        {
          "i": "2290000000101206602",
          "T": 1706188210789,
          "p": "39888.48",
          "v": "0.003812",
          "S": "Buy",
          "s": "BTCUSDT",
          "BT": false
        }
      ]
    }
  },
  {
    "timestamp": 1706188234.1974351,
    "data": {
      "topic": "publicTrade.BTCUSDT",
      "ts": 1706188211699,
      "type": "snapshot",
      "data": [
        {
          "i": "2290000000101206603",
          "T": 1706188211698,
          "p": "39888.47",
          "v": "0.000975",
          "S": "Sell",
          "s": "BTCUSDT",
          "BT": false
        }
      ]
    }
  },
  {
    "timestamp": 1706188234.199921,
    "data": {
      "topic": "publicTrade.BTCUSDT",
      "ts": 1706188217569,
      "type": "snapshot",
      "data": [
        {
          "i": "2290000000101206605",
          "T": 1706188217567,
          "p": "39888.47",
          "v": "0.000138",
          "S": "Sell",
          "s": "BTCUSDT",
          "BT": false
        }
      ]
    }
  }
]