[
  {
    "timestamp": 1706188115.6161056,
    "data": {
      "topic": "publicTrade.BTCUSDT",
      "type": "snapshot",
      "ts": 1706188115529,
      "data": [
        {
          "T": 1706188115527,
          "s": "BTCUSDT",
          "S": "Buy",
          "v": "0.158",
          "p": "39889.20",
          "L": "ZeroMinusTick",
          "i": "a70bc9a5-9bec-5774-8a45-b2f3c4145db0",
          "BT": false
        }
      ]
    }
  },
  {
    "timestamp": 1706188116.0819206,
    "data": {
      "topic": "publicTrade.BTCUSDT",
      "type": "snapshot",
      "ts": 1706188115994,
      "data": [
        {
          "T": 1706188115993,
          "s": "BTCUSDT",
          "S": "Buy",
          "v": "0.031",
          "p": "39889.20",
          "L": "ZeroMinusTick",
          "i": "10cf6fbf-ffe9-5582-a0d1-fbdc4b2768de",
          "BT": false
        },
        {
          "T": 1706188115993,
          "s": "BTCUSDT",
          "S": "Buy",
          "v": "0.035",
          "p": "39889.20",
          "L": "ZeroMinusTick",
          "i": "763c0293-cb1c-5cf6-bd4d-162d1afab197",
          "BT": false
        }
      ]
    }
  },
  {
    "timestamp": 1706188120.2149398,
    "data": {
      "topic": "publicTrade.BTCUSDT",
      "type": "snapshot",
      "ts": 1706188116718,
      "data": [
        {
          "T": 1706188116717,
          "s": "BTCUSDT",
          "S": "Buy",
          "v": "0.204",
          "p": "39889.20",
          "L": "ZeroMinusTick",
          "i": "859ffc54-bebb-5d1e-ade1-35d23a981df1",
          "BT": false
        },
        {
          "T": 1706188116717,
          "s": "BTCUSDT",
          "S": "Buy",
          "v": "0.021",
          "p": "39889.20",
          "L": "ZeroMinusTick",
          "i": "9c31a5c2-66cb-58ec-8c31-3ccf0210b61e",
          "BT": false
        }
      ]
    }
  },
  {
    "timestamp": 1706188120.215357,
    "data": {
      "topic": "publicTrade.BTCUSDT",
      "type": "snapshot",
      "ts": 1706188116967,
      "data": [
        {
          "T": 1706188116966,
          "s": "BTCUSDT",
          "S": "Sell",
          "v": "0.005",
          "p": "39889.00",
          "L": "MinusTick",
          "i": "115357d7-5084-5101-99c9-a5fc4c4bf9ab",
          "BT": false
        },
        {
          "T": 1706188116966,
          "s": "BTCUSDT",
          "S": "Sell",
          "v": "0.005",
          "p": "39888.40",
          "L": "MinusTick",
          "i": "af7ba3a4-4461-5e18-a8d4-438623b98793",
          "BT": false
        },
        {
          "T": 1706188116966,
          "s": "BTCUSDT",
          "S": "Sell",
          "v": "0.005",
          "p": "39888.30",
          "L": "MinusTick",
          "i": "4630aa78-f17b-5cd5-85fa-b9a344335f51",
          "BT": false
        }
      ]
    }
  },
  {
    "timestamp": 1706188120.215863,
    "data": {
      "topic": "publicTrade.BTCUSDT",
      "type": "snapshot",
      "ts": 1706188117446,
      "data": [
        {
          "T": 1706188117445,
          "s": "BTCUSDT",
          "S": "Buy",
          "v": "0.012",
          "p": "39888.00",
          "L": "ZeroMinusTick",
          "i": "bb8a91df-a7b0-5ad4-98a9-0e795d8302c3",
          "BT": false
        }
      ]
    }
  },
  {
    "timestamp": 1706188120.2163231,
    "data": {
      "topic": "publicTrade.BTCUSDT",
      "type": "snapshot",
      "ts": 1706188118750,
      "data": [
        {
          "T": 1706188118749,
          "s": "BTCUSDT",
          "S": "Buy",
          "v": "0.005",
          "p": "39888.00",
          "L": "ZeroMinusTick",
          "i": "e842c575-280b-528f-b4b2-6c4ec243aefb",
          "BT": false
        }
      ]
    }
  },
  {
    "timestamp": 1706188120.2167895,
    "data": {
      "topic": "publicTrade.BTCUSDT",
      "type": "snapshot",
      "ts": 1706188118961,
      "data": [
        {
          "T": 1706188118959,
          "s": "BTCUSDT",
          "S": "Sell",
          "v": "0.088",
          "p": "39887.90",
          "L": "MinusTick",
          "i": "de0aa88a-0b27-5abf-924b-5ac5059d9bd8",
          "BT": false
        },
        {
          "T": 1706188118959,
          "s": "BTCUSDT",
          "S": "Sell",
          "v": "0.008",
          "p": "39887.90",
          "L": "ZeroMinusTick",
          "i": "74dbab4b-8507-56a6-b37d-515b11959dd8",
          "BT": false
        },
        {
          "T": 1706188118959,
          "s": "BTCUSDT",
          "S": "Sell",
          "v": "0.165",
          "p": "39887.60",
          "L": "MinusTick",
          "i": "d7d0f867-088d-5dea-9b12-f52e0fb24aa5",
          "BT": false
        }
      ]
    }
  },
  {
    "timestamp": 1706188120.2173162,
    "data": {
      "topic": "publicTrade.BTCUSDT",
      "type": "snapshot",
      "ts": 1706188118964,
      "data": [
        {
          "T": 1706188118962,
          "s": "BTCUSDT",
          "S": "Sell",
          "v": "0.015",
          "p": "39886.10",
          "L": "ZeroMinusTick",
          "i": "41783625-1fe4-5fda-a73a-57851eef41d8",
          "BT": false
        },
        {
          "T": 1706188118962,
          "s": "BTCUSDT",
          "S": "Sell",
          "v": "0.125",
          "p": "39885.10",
          "L": "MinusTick",
          "i": "d6fe75f4-ea88-5aec-9443-93cc3704bce3",
          "BT": false
        }
      ]
    }
  },
  {
    "timestamp": 1706188120.217897,
    "data": {
      "topic": "publicTrade.BTCUSDT",
      "type": "snapshot",
      "ts": 1706188118978,
      "data": [
        {
          "T": 1706188118976,
          "s": "BTCUSDT",
          "S": "Sell",
          "v": "0.002",
          "p": "39882.60",
          "L": "MinusTick",
          "i": "f28ba669-9356-5676-84b7-cced2769f574",
          "BT": false
        }
      ]
    }
  },
  {
    "timestamp": 1706188120.2184947,
    "data": {
      "topic": "publicTrade.BTCUSDT",
      "type": "snapshot",
      "ts": 1706188119009,
      "data": [
        {
          "T": 1706188119008,
          "s": "BTCUSDT",
          "S": "Sell",
          "v": "0.029",
          "p": "39882.60",
          "L": "ZeroMinusTick",
          "i": "f7d7346f-0043-5a79-bcb0-8ef602759bfb",
          "BT": false
        }
      ]
    }
  },
  {
    "timestamp": 1706188120.219116,
    "data": {
      "topic": "publicTrade.BTCUSDT",
      "type": "snapshot",
      "ts": 1706188119178,
      "data": [
        {
          "T": 1706188119176,
          "s": "BTCUSDT",
          "S": "Sell",
          "v": "2.102",
          "p": "39882.60",
          "L": "ZeroMinusTick",
          "i": "16b95783-721e-5dd2-946d-f0a3bcbf36d3",
          "BT": false
        },
        {
          "T": 1706188119176,
          "s": "BTCUSDT",
          "S": "Sell",
          "v": "0.250",
          "p": "39882.60",
          "L": "ZeroMinusTick",
          "i": "87819e29-1d48-58a5-936c-4005ad8b8fc5",
          "BT": false
        },
        {
          "T": 1706188119176,
          "s": "BTCUSDT",
          "S": "Sell",
          "v": "0.004",
          "p": "39882.60",
          "L": "ZeroMinusTick",
          "i": "470cb438-531c-5fef-bd42-c27f44fd29fb",
          "BT": false
        }
      ]
    }
  },
  {
    "timestamp": 1706188120.2198694,
    "data": {
      "topic": "publicTrade.BTCUSDT",
      "type": "snapshot",
      "ts": 1706188119190,
      "data": [
        {
          "T": 1706188119189,
          "s": "BTCUSDT",
          "S": "Buy",
          "v": "0.017",
          "p": "39879.10",
          "L": "ZeroMinusTick",
          "i": "9e4095d8-e4c1-57b5-b904-93affbb68212",
          "BT": false
        },
        {
          "T": 1706188119189,
          "s": "BTCUSDT",
          "S": "Buy",
          "v": "0.304",
          "p": "39879.10",
          "L": "ZeroMinusTick",
          "i": "4dc651ae-6aee-56c8-8e96-a611995e2dd4",
          "BT": false
        }
      ]
    }
  },
  {
    "timestamp": 1706188120.220615,
    "data": {
      "topic": "publicTrade.BTCUSDT",
      "type": "snapshot",
      "ts": 1706188119591,
      "data": [
        {
          "T": 1706188119590,
          "s": "BTCUSDT",
          "S": "Sell",
          "v": "0.005",
          "p": "39879.00",
          "L": "ZeroMinusTick",
          "i": "294853d0-1270-534e-bbca-63a234cdb269",
          "BT": false
        }
      ]
    }
  },
  {
    "timestamp": 1706188126.2590694,
    "data": {
      "topic": "publicTrade.BTCUSDT",
      "type": "snapshot",
      "ts": 1706188120714,
      "data": [
        {
          "T": 1706188120713,
          "s": "BTCUSDT",
          "S": "Buy",
          "v": "0.002",
          "p": "39882.50",
          "L": "ZeroPlusTick",
          "i": "1ab0649e-3267-51b4-9c9d-9a4605e179c4",
          "BT": false
        }
      ]
    }
  },
  {
    "timestamp": 1706188126.2599928,
    "data": {
      "topic": "publicTrade.BTCUSDT",
      "type": "snapshot",
      "ts": 1706188121755,
      "data": [
        {
          "T": 1706188121753,
          "s": "BTCUSDT",
          "S": "Sell",
          "v": "0.003",
          "p": "39882.40",
          "L": "ZeroMinusTick",
          "i": "a793b193-6e42-5ff6-b9f4-aa50df4f8a33",
          "BT": false
        }
      ]
    }
  },
  {
    "timestamp": 1706188126.2614887,
    "data": {
      "topic": "publicTrade.BTCUSDT",
      "type": "snapshot",
      "ts": 1706188122497,
      "data": [
        {
          "T": 1706188122495,
          "s": "BTCUSDT",
          "S": "Buy",
          "v": "0.002",
          "p": "39882.50",
          "L": "ZeroPlusTick",
          "i": "92ed8cbc-4dc3-5c08-828e-23615f9119fb",
          "BT": false
        }
      ]
    }
  },
  {
    "timestamp": 1706188126.2626266,
    "data": {
      "topic": "publicTrade.BTCUSDT",
      "type": "snapshot",
      "ts": 1706188123141,
      "data": [
        {
          "T": 1706188123139,
          "s": "BTCUSDT",
          "S": "Buy",
          "v": "0.001",
          "p": "39882.50",
          "L": "PlusTick",
          "i": "a4b6169c-dd0f-5b57-90ed-365a091f905e",
          "BT": false
        }
      ]
    }
  },
  {
    "timestamp": 1706188126.2636774,
    "data": {
      "topic": "publicTrade.BTCUSDT",
      "type": "snapshot",
      "ts": 1706188123436,
      "data": [
        {
          "T": 1706188123434,
          "s": "BTCUSDT",
          "S": "Buy",
          "v": "0.387",
          "p": "39882.50",
          "L": "PlusTick",
          "i": "e78b9604-8322-5e3a-b454-1b2051a68e40",
          "BT": false
        },
        {
          "T": 1706188123434,
          "s": "BTCUSDT",
          "S": "Buy",
          "v": "0.041",
          "p": "39882.50",
          "L": "ZeroPlusTick",
          "i": "875167b7-a2ea-579b-a04f-32beab80f049",
          "BT": false
        },
        {
          "T": 1706188123434,
          "s": "BTCUSDT",
          "S": "Buy",
          "v": "0.064",
          "p": "39882.50",
          "L": "ZeroPlusTick",
          "i": "9dae2989-f724-5aae-a8b7-b9b10c0a91e7",
          "BT": false
        },
        {
          "T": 1706188123434,
          "s": "BTCUSDT",
          "S": "Buy",
          "v": "0.010",
          "p": "39882.60",
          "L": "PlusTick",
          "i": "b21a129c-2604-58c3-85c0-ccfa0aec3221",
          "BT": false
        },
        {
          "T": 1706188123434,
          "s": "BTCUSDT",
          "S": "Buy",
          "v": "0.001",
          "p": "39884.00",
          "L": "PlusTick",
          "i": "a50e49d5-e646-5fb0-8cd8-a64767d9dbcb",
          "BT": false
        },
        {
          "T": 1706188123434,
          "s": "BTCUSDT",
          "S": "Buy",
          "v": "0.005",
          "p": "39884.50",
          "L": "PlusTick",
          "i": "34c911d2-007a-5de4-91a8-727bd58503b2",
          "BT": false
        },
        {
          "T": 1706188123434,
          "s": "BTCUSDT",
          "S": "Buy",
          "v": "0.715",
          "p": "39885.30",
          "L": "PlusTick",
          "i": "e43eb5b9-3507-5603-b54e-186ff85883cd",
          "BT": false
        },
        {
          "T": 1706188123434,
          "s": "BTCUSDT",
          "S": "Buy",
          "v": "1.186",
          "p": "39885.60",
          "L": "PlusTick",
          "i": "cba53968-ac5c-568d-b280-77f950fbb778",
          "BT": false
        },
        {
          "T": 1706188123434,
          "s": "BTCUSDT",
          "S": "Buy",
          "v": "0.001",
          "p": "39886.00",
          "L": "PlusTick",
          "i": "99722b06-f88b-547c-b661-88c3e4dd0cf3",
          "BT": false
        },
        {
          "T": 1706188123434,
          "s": "BTCUSDT",
          "S": "Buy",
          "v": "0.097",
          "p": "39886.20",
          "L": "PlusTick",
          "i": "d03e326d-ec89-5e4c-abe3-c7e216b1e04b",
          "BT": false
        },
        {
          "T": 1706188123434,
          "s": "BTCUSDT",
          "S": "Buy",
          "v": "1.350",
          "p": "39886.30",
          "L": "PlusTick",
          "i": "b3b79786-9f75-5c9e-a590-ae9363c81db3",
          "BT": false
        }
      ]
    }
  },
  {
    "timestamp": 1706188127.7178416,
    "data": {
      "topic": "publicTrade.BTCUSDT",
      "type": "snapshot",
      "ts": 1706188125344,
      "data": [
        {
          "T": 1706188125343,
          "s": "BTCUSDT",
          "S": "Buy",
          "v": "0.499",
          "p": "39886.40",
          "L": "ZeroPlusTick",
          "i": "fd2ca343-da27-5ac1-bac5-9a398fa02983",
          "BT": false
        },
        {
          "T": 1706188125343,
          "s": "BTCUSDT",
          "S": "Buy",
          "v": "0.137",
          "p": "39886.40",
          "L": "ZeroPlusTick",
          "i": "a4eacee2-e61a-5572-b2cd-df13fc147139",
          "BT": false
        },
        {
          "T": 1706188125343,
          "s": "BTCUSDT",
          "S": "Buy",
          "v": "0.006",
          "p": "39886.40",
          "L": "ZeroPlusTick",
          "i": "6cff9792-0bfe-5132-8aee-da347d2593d7",
          "BT": false
        },
        {
          "T": 1706188125343,
          "s": "BTCUSDT",
          "S": "Buy",
          "v": "0.125",
          "p": "39886.40",
          "L": "ZeroPlusTick",
          "i": "53fc37b6-cfcc-56c4-bc31-4dc19b23e82b",
          "BT": false
        },
        {
          "T": 1706188125343,
          "s": "BTCUSDT",
          "S": "Buy",
          "v": "0.014",
          "p": "39886.40",
          "L": "ZeroPlusTick",
          "i": "29ae5b71-d952-50cf-be8c-f6ae9ac5d3ed",
          "BT": false
        },
        {
          "T": 1706188125343,
          "s": "BTCUSDT",
          "S": "Buy",
          "v": "0.101",
          "p": "39886.40",
          "L": "ZeroPlusTick",
          "i": "01323c5a-c8c0-5130-b82a-34d9852a64d4",
          "BT": false
        },
        {
          "T": 1706188125343,
          "s": "BTCUSDT",
          "S": "Buy",
          "v": "0.011",
          "p": "39886.40",
          "L": "ZeroPlusTick",
          "i": "7d7c3f5d-714c-517b-b989-215982b72579",
          "BT": false
        },
        {
          "T": 1706188125343,
          "s": "BTCUSDT",
          "S": "Buy",
          "v": "0.005",
          "p": "39886.50",
          "L": "PlusTick",
          "i": "6dbbfb98-6646-572e-8bc6-4117ef2e4b1e",
          "BT": false
        },
        {
          "T": 1706188125343,
          "s": "BTCUSDT",
          "S": "Buy",
          "v": "0.010",
          "p": "39886.50",
          "L": "ZeroPlusTick",
          "i": "c2756202-f35b-5504-b60d-a98b01eafff4",
          "BT": false
        },
        {
          "T": 1706188125343,
          "s": "BTCUSDT",
          "S": "Buy",
          "v": "0.271",
          "p": "39887.10",
          "L": "PlusTick",
          "i": "0860ca09-817f-5693-856b-82a42831fa08",
          "BT": false
        }
      ]
    }
  },
  {
    "timestamp": 1706188128.8353882,
    "data": {
      "topic": "publicTrade.BTCUSDT",
      "type": "snapshot",
      "ts": 1706188126684,
      "data": [
        {
          "T": 1706188126682,
          "s": "BTCUSDT",
          "S": "Buy",
          "v": "0.005",
          "p": "39889.00",
          "L": "ZeroPlusTick",
          "i": "bfe57a99-e55b-5182-9d0e-e1a550ded372",
          "BT": false
        }
      ]
    }
  },
  {
    "timestamp": 1706188128.8369315,
    "data": {
      "topic": "publicTrade.BTCUSDT",
      "type": "snapshot",
      "ts": 1706188127475,
      "data": [
        {
          "T": 1706188127473,
          "s": "BTCUSDT",
          "S": "Buy",
          "v": "0.075",
          "p": "39889.00",
          "L": "PlusTick",
          "i": "06e936d6-4977-5357-8780-5e68a4127cd0",
          "BT": false
        }
      ]
    }
  },
  {
    "timestamp": 1706188130.8523428,
    "data": {
      "topic": "publicTrade.BTCUSDT",
      "type": "snapshot",
      "ts": 1706188129136,
      "data": [
        {
          "T": 1706188129135,
          "s": "BTCUSDT",
          "S": "Buy",
          "v": "1.000",
          "p": "39889.00",
          "L": "PlusTick",
          "i": "849d8fb8-a5b5-50bc-a4a4-7c6847418013",
          "BT": false
        }
      ]
    }
  },
  {
    "timestamp": 1706188131.5725746,
    "data": {
      "topic": "publicTrade.BTCUSDT",
      "type": "snapshot",
      "ts": 1706188130618,
      "data": [
        {
          "T": 1706188130617,
          "s": "BTCUSDT",
          "S": "Buy",
          "v": "0.001",
          "p": "39889.00",
          "L": "ZeroPlusTick",
          "i": "ea9f5875-a6cb-5424-b74b-c27d53783617",
          "BT": false
        }
      ]
    }
  },
  {
    "timestamp": 1706188132.0755877,
    "data": {
      "topic": "publicTrade.BTCUSDT",
      "type": "snapshot",
      "ts": 1706188130821,
      "data": [
        {
          "T": 1706188130820,
          "s": "BTCUSDT",
          "S": "Sell",
          "v": "0.004",
          "p": "39888.90",
          "L": "ZeroMinusTick",
          "i": "6a6a23c4-859f-57f7-9650-7bca43008780",
          "BT": false
        }
      ]
    }
  },
  {
    "timestamp": 1706188132.0776145,
    "data": {
      "topic": "publicTrade.BTCUSDT",
      "type": "snapshot",
      "ts": 1706188131154,
      "data": [
        {
          "T": 1706188131153,
          "s": "BTCUSDT",
          "S": "Buy",
          "v": "0.128",
          "p": "39889.00",
          "L": "PlusTick",
          "i": "493d246e-eb7f-5768-aa6a-1be334dc7ae4",
          "BT": false
        }
      ]
    }
  },
  {
    "timestamp": 1706188132.8552742,
    "data": {
      "topic": "publicTrade.BTCUSDT",
      "type": "snapshot",
      "ts": 1706188131701,
      "data": [
        {
          "T": 1706188131700,
          "s": "BTCUSDT",
          "S": "Buy",
          "v": "0.002",
          "p": "39889.00",
          "L": "ZeroPlusTick",
          "i": "9702c554-bf0f-57a7-8c41-7034ea314d55",
          "BT": false
        }
      ]
    }
  },
  {
    "timestamp": 1706188133.5791545,
    "data": {
      "topic": "publicTrade.BTCUSDT",
      "type": "snapshot",
      "ts": 1706188132380,
      "data": [
        {
          "T": 1706188132378,
          "s": "BTCUSDT",
          "S": "Sell",
          "v": "0.042",
          "p": "39888.90",
          "L": "MinusTick",
          "i": "e192cfc0-5b14-5183-881a-a6f48ee2da3c",
          "BT": false
        },
        {
          "T": 1706188132378,
          "s": "BTCUSDT",
          "S": "Sell",
          "v": "0.099",
          "p": "39888.90",
          "L": "ZeroMinusTick",
          "i": "17dfb7bb-9014-526d-b9cf-d8dc0b97d0a4",
          "BT": false
        },
        {
          "T": 1706188132378,
          "s": "BTCUSDT",
          "S": "Sell",
          "v": "0.107",
          "p": "39888.90",
          "L": "ZeroMinusTick",
          "i": "d5281392-a59c-5b72-a374-a2bfd09b21c4",
          "BT": false
        }
      ]
    }
  },
  {
    "timestamp": 1706188134.9858496,
    "data": {
      "topic": "publicTrade.BTCUSDT",
      "type": "snapshot",
      "ts": 1706188132912,
      "data": [
        {
          "T": 1706188132911,
          "s": "BTCUSDT",
          "S": "Buy",
          "v": "0.030",
          "p": "39889.00",
          "L": "ZeroPlusTick",
          "i": "ac178e73-3cb2-5fa1-8b4f-9905f8b8a67f",
          "BT": false
        },
        {
          "T": 1706188132911,
          "s": "BTCUSDT",
          "S": "Buy",
          "v": "0.056",
          "p": "39889.00",
          "L": "ZeroPlusTick",
          "i": "3ecd2634-5590-521a-9427-b0480d85e99c",
          "BT": false
        },
        {
          "T": 1706188132911,
          "s": "BTCUSDT",
          "S": "Buy",
          "v": "0.282",
          "p": "39889.00",
          "L": "ZeroPlusTick",
          "i": "8c1a92c0-8cee-55d9-9e2c-547db645c92a",
          "BT": false
        },
        {
          "T": 1706188132911,
          "s": "BTCUSDT",
          "S": "Buy",
          "v": "0.717",
          "p": "39889.00",
          "L": "ZeroPlusTick",
          "i": "372f3277-dc20-538c-b9b1-2827f4383785",
          "BT": false
        },
        {
          "T": 1706188132911,
          "s": "BTCUSDT",
          "S": "Buy",
          "v": "0.010",
          "p": "39889.00",
          "L": "ZeroPlusTick",
          "i": "77b75059-e01e-52c0-a839-93b6f2df3b49",
          "BT": false
        },
        {
          "T": 1706188132911,
          "s": "BTCUSDT",
          "S": "Buy",
          "v": "0.500",
          "p": "39889.00",
          "L": "ZeroPlusTick",
          "i": "e926e341-fb77-57ce-9859-c36324a8621d",
          "BT": false
        },
        {
          "T": 1706188132911,
          "s": "BTCUSDT",
          "S": "Buy",
          "v": "0.521",
          "p": "39889.00",
          "L": "ZeroPlusTick",
          "i": "4b3a7126-bc73-54d4-93ba-0c3511a5983e",
          "BT": false
        },
        {
          "T": 1706188132911,
          "s": "BTCUSDT",
          "S": "Buy",
          "v": "0.170",
          "p": "39889.00",
          "L": "ZeroPlusTick",
          "i": "6f3ef402-f6d4-5824-8d91-4d3cdc3da8c5",
          "BT": false
        },
        {
          "T": 1706188132911,
          "s": "BTCUSDT",
          "S": "Buy",
          "v": "0.923",
          "p": "39889.00",
          "L": "ZeroPlusTick",
          "i": "2b6a3e3c-e0c3-5f03-a794-86dfa90cb824",
          "BT": false
        },
        {
          "T": 1706188132911,
          "s": "BTCUSDT",
          "S": "Buy",
          "v": "0.183",
          "p": "39889.00",
          "L": "ZeroPlusTick",
          "i": "befe94e2-7f5f-5b24-a0c4-267bd1cee280",
          "BT": false
        },
        {
          "T": 1706188132911,
          "s": "BTCUSDT",
          "S": "Buy",
          "v": "0.049",
          "p": "39889.00",
          "L": "ZeroPlusTick",
          "i": "b085a1a3-d029-5321-bf14-b99905387f28",
          "BT": false
        },
        {
          "T": 1706188132911,
          "s": "BTCUSDT",
          "S": "Buy",
          "v": "0.010",
          "p": "39889.10",
          "L": "PlusTick",
          "i": "86119fdf-3fef-50d3-9dbc-7381662ab40e",
          "BT": false
        },
        {
          "T": 1706188132911,
          "s": "BTCUSDT",
          "S": "Buy",
          "v": "0.002",
          "p": "39889.20",
          "L": "PlusTick",
          "i": "8456b2e5-76f5-5026-bf8d-975c9f6b6a11",
          "BT": false
        },
        {
          "T": 1706188132911,
          "s": "BTCUSDT",
          "S": "Buy",
          "v": "0.029",
          "p": "39889.30",
          "L": "PlusTick",
          "i": "b16fd9e3-6c48-529d-8b68-b43f40151315",
          "BT": false
        },
        {
          "T": 1706188132911,
          "s": "BTCUSDT",
          "S": "Buy",
          "v": "0.052",
          "p": "39889.50",
          "L": "PlusTick",
          "i": "9016d9bd-a592-5ae3-b04f-0c5f2b9aa41e",
          "BT": false
        },
        {
          "T": 1706188132911,
          "s": "BTCUSDT",
          "S": "Buy",
          "v": "0.678",
          "p": "39889.50",
          "L": "ZeroPlusTick",
          "i": "9f6a4275-bd4e-5c32-9c8e-d4da63298f14",
          "BT": false
        },
        {
          "T": 1706188132911,
          "s": "BTCUSDT",
          "S": "Buy",
          "v": "0.788",
          "p": "39889.50",
          "L": "ZeroPlusTick",
          "i": "2c89cb5a-2fed-50d7-a9fb-d0a08b3094cd",
          "BT": false
        }
      ]
    }
  },
  {
    "timestamp": 1706188136.5956874,
    "data": {
      "topic": "publicTrade.BTCUSDT",
      "type": "snapshot",
      "ts": 1706188133937,
      "data": [
        {
          "T": 1706188133935,
          "s": "BTCUSDT",
          "S": "Sell",
          "v": "0.009",
          "p": "39891.50",
          "L": "PlusTick",
          "i": "497918ca-0aac-5468-b695-10e5718b4ad4",
          "BT": false
        }
      ]
    }
  },
  {
    "timestamp": 1706188136.599031,
    "data": {
      "topic": "publicTrade.BTCUSDT",
      "type": "snapshot",
      "ts": 1706188134261,
      "data": [
        {
          "T": 1706188134259,
          "s": "BTCUSDT",
          "S": "Buy",
          "v": "0.052",
          "p": "39891.60",
          "L": "ZeroPlusTick",
          "i": "3314ca09-a8be-5899-a110-fa32797673e2",
          "BT": false
        }
      ]
    }
  },
  {
    "timestamp": 1706188136.602218,
    "data": {
      "topic": "publicTrade.BTCUSDT",
      "type": "snapshot",
      "ts": 1706188134843,
      "data": [
        {
          "T": 1706188134842,
          "s": "BTCUSDT",
          "S": "Buy",
          "v": "1.000",
          "p": "39891.60",
          "L": "ZeroPlusTick",
          "i": "159af79e-0448-5cdf-b87e-e2939d09cc07",
          "BT": false
        }
      ]
    }
  },
  {
    "timestamp": 1706188138.025675,
    "data": {
      "topic": "publicTrade.BTCUSDT",
      "type": "snapshot",
      "ts": 1706188135129,
      "data": [
        {
          "T": 1706188135127,
          "s": "BTCUSDT",
          "S": "Buy",
          "v": "0.500",
          "p": "39891.60",
          "L": "ZeroPlusTick",
          "i": "98b61a31-8de3-5ce9-bb94-e88d448193fe",
          "BT": false
        }
      ]
    }
  },
  {
    "timestamp": 1706188138.0282485,
    "data": {
      "topic": "publicTrade.BTCUSDT",
      "type": "snapshot",
      "ts": 1706188135489,
      "data": [
        {
          "T": 1706188135487,
          "s": "BTCUSDT",
          "S": "Buy",
          "v": "0.008",
          "p": "39891.60",
          "L": "PlusTick",
          "i": "65195d94-54cf-5938-bd7c-d4fd02bc80bb",
          "BT": false
        }
      ]
    }
  },
  {
    "timestamp": 1706188138.0300777,
    "data": {
      "topic": "publicTrade.BTCUSDT",
      "type": "snapshot",
      "ts": 1706188136007,
      "data": [
        {
          "T": 1706188136005,
          "s": "BTCUSDT",
          "S": "Buy",
          "v": "0.218",
          "p": "39891.60",
          "L": "PlusTick",
          "i": "44fcd14e-f9f7-581d-9a8c-7044e5b835af",
          "BT": false
        }
      ]
    }
  },
  {
    "timestamp": 1706188138.0319352,
    "data": {
      "topic": "publicTrade.BTCUSDT",
      "type": "snapshot",
      "ts": 1706188136397,
      "data": [
        {
          "T": 1706188136396,
          "s": "BTCUSDT",
          "S": "Sell",
          "v": "0.195",
          "p": "39891.50",
          "L": "ZeroMinusTick",
          "i": "48ee0010-346b-552c-ae17-42391506ff64",
          "BT": false
        }
      ]
    }
  },
  {
    "timestamp": 1706188139.8007586,
    "data": {
      "success": true,
      "ret_msg": "pong",
      "conn_id": "5a614f4e-66cd-4d82-9ff5-aa0c243a0785",
      "req_id": "",
      "op": "ping"
    }
  },
  {
    "timestamp": 1706188139.8046021,
    "data": {
      "topic": "publicTrade.BTCUSDT",
      "type": "snapshot",
      "ts": 1706188137679,
      "data": [
        {
          "T": 1706188137678,
          "s": "BTCUSDT",
          "S": "Sell",
          "v": "0.001",
          "p": "39891.50",
          "L": "MinusTick",
          "i": "3a3682f9-4603-58b9-bb90-de001aabd959",
          "BT": false
        }
      ]
    }
  },
  {
    "timestamp": 1706188142.9443452,
    "data": {
      "topic": "publicTrade.BTCUSDT",
      "type": "snapshot",
      "ts": 1706188139099,
      "data": [
        {
          "T": 1706188139097,
          "s": "BTCUSDT",
          "S": "Buy",
          "v": "0.205",
          "p": "39891.60",
          "L": "ZeroPlusTick",
          "i": "711528d1-808f-5cfd-aefa-427fa94201ec",
          "BT": false
        }
      ]
    }
  },
  {
    "timestamp": 1706188147.70574,
    "data": {
      "topic": "publicTrade.BTCUSDT",
      "type": "snapshot",
      "ts": 1706188141400,
      "data": [
        {
          "T": 1706188141399,
          "s": "BTCUSDT",
          "S": "Buy",
          "v": "0.007",
          "p": "39891.60",
          "L": "ZeroPlusTick",
          "i": "60b6b7d1-961b-54d4-8bdc-f95f0234a45e",
          "BT": false
        }
      ]
    }
  },
  {
    "timestamp": 1706188147.7152667,
    "data": {
      "topic": "publicTrade.BTCUSDT",
      "type": "snapshot",
      "ts": 1706188141700,
      "data": [
        {
          "T": 1706188141698,
          "s": "BTCUSDT",
          "S": "Sell",
          "v": "0.500",
          "p": "39891.50",
          "L": "MinusTick",
          "i": "b59e07ea-9479-5823-9913-71e497e24edd",
          "BT": false
        },
        {
          "T": 1706188141698,
          "s": "BTCUSDT",
          "S": "Sell",
          "v": "0.007",
          "p": "39891.50",
          "L": "ZeroMinusTick",
          "i": "34d00423-8eb5-53c6-9c71-8828d5d05b8b",
          "BT": false
        },
        {
          "T": 1706188141698,
          "s": "BTCUSDT",
          "S": "Sell",
          "v": "0.019",
          "p": "39891.50",
          "L": "ZeroMinusTick",
          "i": "77e66375-caae-5c14-9dd6-43eb3e82da09",
          "BT": false
        },
        {
          "T": 1706188141698,
          "s": "BTCUSDT",
          "S": "Sell",
          "v": "0.005",
          "p": "39891.50",
          "L": "ZeroMinusTick",
          "i": "f86d5578-503a-5b02-8689-b160b27cd85e",
          "BT": false
        },
        {
          "T": 1706188141698,
          "s": "BTCUSDT",
          "S": "Sell",
          "v": "0.300",
          "p": "39891.50",
          "L": "ZeroMinusTick",
          "i": "53914b95-4f80-56e8-9e93-bbd6db20486d",
          "BT": false
        },
        {
          "T": 1706188141698,
          "s": "BTCUSDT",
          "S": "Sell",
          "v": "0.500",
          "p": "39891.50",
          "L": "ZeroMinusTick",
          "i": "6be41bd1-970a-59dd-a1d4-5280361990e6",
          "BT": false
        },
        {
          "T": 1706188141698,
          "s": "BTCUSDT",
          "S": "Sell",
          "v": "0.550",
          "p": "39891.50",
          "L": "ZeroMinusTick",
          "i": "37b17502-85d7-5747-9d27-07f8d902bf88",
          "BT": false
        },
        {
          "T": 1706188141698,
          "s": "BTCUSDT",
          "S": "Sell",
          "v": "0.710",
          "p": "39891.50",
          "L": "ZeroMinusTick",
          "i": "643af853-fb12-5f0b-8868-2707ae9dd447",
          "BT": false
        },
        {
          "T": 1706188141698,
          "s": "BTCUSDT",
          "S": "Sell",
          "v": "0.750",
          "p": "39891.50",
          "L": "ZeroMinusTick",
          "i": "b6f7b36c-1cfc-59d1-9141-69bfaf984448",
          "BT": false
        },
        {
          "T": 1706188141698,
          "s": "BTCUSDT",
          "S": "Sell",
          "v": "0.980",
          "p": "39891.50",
          "L": "ZeroMinusTick",
          "i": "eb7eda6a-2d0b-56a3-91f4-4d890e14cb94",
          "BT": false
        },
        {
          "T": 1706188141698,
          "s": "BTCUSDT",
          "S": "Sell",
          "v": "0.710",
          "p": "39891.50",
          "L": "ZeroMinusTick",
          "i": "d2f9d3e8-483c-54fc-ad03-2c2e2f5e340c",
          "BT": false
        },
        {
          "T": 1706188141698,
          "s": "BTCUSDT",
          "S": "Sell",
          "v": "0.451",
          "p": "39891.50",
          "L": "ZeroMinusTick",
          "i": "8f745eeb-b239-58d7-bfcc-d68adde3a4ea",
          "BT": false
        },
        {
          "T": 1706188141698,
          "s": "BTCUSDT",
          "S": "Sell",
          "v": "0.090",
          "p": "39891.50",
          "L": "ZeroMinusTick",
          "i": "f746de7f-9550-5641-addf-2279b976f458",
          "BT": false
        },
        {
          "T": 1706188141698,
          "s": "BTCUSDT",
          "S": "Sell",
          "v": "0.001",
          "p": "39891.50",
          "L": "ZeroMinusTick",
          "i": "7d315a00-aa27-51ff-b06a-d0b92c6582fb",
          "BT": false
        },
        {
          "T": 1706188141698,
          "s": "BTCUSDT",
          "S": "Sell",
          "v": "0.047",
          "p": "39891.50",
          "L": "ZeroMinusTick",
          "i": "255ab439-2ac2-5b9f-8965-d651b7a73843",
          "BT": false
        },
        {
          "T": 1706188141698,
          "s": "BTCUSDT",
          "S": "Sell",
          "v": "0.089",
          "p": "39891.50",
          "L": "ZeroMinusTick",
          "i": "4c2b7324-21ba-5cd7-ab37-0cb1fd8a1915",
          "BT": false
        },
        {
          "T": 1706188141698,
          "s": "BTCUSDT",
          "S": "Sell",
          "v": "0.052",
          "p": "39891.50",
          "L": "ZeroMinusTick",
          "i": "d95db284-72aa-5c8e-a2e8-903d08ea79b6",
          "BT": false
        },
        {
          "T": 1706188141698,
          "s": "BTCUSDT",
          "S": "Sell",
          "v": "0.010",
          "p": "39891.40",
          "L": "MinusTick",
          "i": "d090f73c-4c3b-5a75-8531-634f6579a22a",
          "BT": false
        },
        {
          "T": 1706188141698,
          "s": "BTCUSDT",
          "S": "Sell",
          "v": "0.132",
          "p": "39891.40",
          "L": "ZeroMinusTick",
          "i": "adfe7ba8-61d1-52ad-882b-46b84b007ce0",
          "BT": false
        },
        {
          "T": 1706188141698,
          "s": "BTCUSDT",
          "S": "Sell",
          "v": "0.005",
          "p": "39891.40",
          "L": "ZeroMinusTick",
          "i": "76b71f18-9d89-5e3d-979e-b3d339f81c81",
          "BT": false
        },
        {
          "T": 1706188141698,
          "s": "BTCUSDT",
          "S": "Sell",
          "v": "0.005",
          "p": "39891.30",
          "L": "MinusTick",
          "i": "102399fe-1daf-5447-9645-d02b141cd6f5",
          "BT": false
        },
        {
          "T": 1706188141698,
          "s": "BTCUSDT",
          "S": "Sell",
          "v": "0.001",
          "p": "39891.20",
          "L": "MinusTick",
          "i": "35be57bd-f62c-5908-902d-6898f2365e87",
          "BT": false
        },
        {
          "T": 1706188141698,
          "s": "BTCUSDT",
          "S": "Sell",
          "v": "0.005",
          "p": "39891.00",
          "L": "MinusTick",
          "i": "2f6d9b45-e263-50c1-95a5-f73715b64102",
          "BT": false
        },
        {
          "T": 1706188141698,
          "s": "BTCUSDT",
          "S": "Sell",
          "v": "0.005",
          "p": "39890.90",
          "L": "MinusTick",
          "i": "d5b02177-6af8-566f-976a-dbd9b8ab88d2",
          "BT": false
        },
        {
          "T": 1706188141698,
          "s": "BTCUSDT",
          "S": "Sell",
          "v": "0.005",
          "p": "39890.50",
          "L": "MinusTick",
          "i": "9e61bbee-4295-5040-8dad-f4c722c2eea4",
          "BT": false
        },
        {
          "T": 1706188141698,
          "s": "BTCUSDT",
          "S": "Sell",
          "v": "0.005",
          "p": "39890.30",
          "L": "MinusTick",
          "i": "6d98e274-b3b4-554e-ad6d-467a7e315160",
          "BT": false
        },
        {
          "T": 1706188141698,
          "s": "BTCUSDT",
          "S": "Sell",
          "v": "0.005",
          "p": "39890.10",
          "L": "MinusTick",
          "i": "f4990179-150e-5f10-b48a-5f4769c85c1c",
          "BT": false
        },
        {
          "T": 1706188141698,
          "s": "BTCUSDT",
          "S": "Sell",
          "v": "0.002",
          "p": "39890.00",
          "L": "MinusTick",
          "i": "2a9e83c1-463d-5236-a741-e71b38d045f6",
          "BT": false
        }
      ]
    }
  },
  {
    "timestamp": 1706188147.7205794,
    "data": {
      "topic": "publicTrade.BTCUSDT",
      "type": "snapshot",
      "ts": 1706188141708,
      "data": [
        {
          "T": 1706188141706,
          "s": "BTCUSDT",
          "S": "Sell",
          "v": "0.008",
          "p": "39891.50",
          "L": "ZeroPlusTick",
          "i": "6ed22525-b278-5c8b-91fd-b6ab8debe678",
          "BT": false
        }
      ]
    }
  },
  {
    "timestamp": 1706188147.7255843,
    "data": {
      "topic": "publicTrade.BTCUSDT",
      "type": "snapshot",
      "ts": 1706188141714,
      "data": [
        {
          "T": 1706188141712,
          "s": "BTCUSDT",
          "S": "Sell",
          "v": "0.008",
          "p": "39891.50",
          "L": "ZeroPlusTick",
          "i": "8b2f0764-ae64-5425-9333-834c8e052a27",
          "BT": false
        }
      ]
    }
  },
  {
    "timestamp": 1706188147.7305698,
    "data": {
      "topic": "publicTrade.BTCUSDT",
      "type": "snapshot",
      "ts": 1706188142056,
      "data": [
        {
          "T": 1706188142055,
          "s": "BTCUSDT",
          "S": "Buy",
          "v": "0.022",
          "p": "39891.60",
          "L": "ZeroPlusTick",
          "i": "0a68e486-9222-56ac-bd9b-feb20aa3989e",
          "BT": false
        }
      ]
    }
  },
  {
    "timestamp": 1706188147.734611,
    "data": {
      "topic": "publicTrade.BTCUSDT",
      "type": "snapshot",
      "ts": 1706188142279,
      "data": [
        {
          "T": 1706188142278,
          "s": "BTCUSDT",
          "S": "Buy",
          "v": "0.003",
          "p": "39891.70",
          "L": "PlusTick",
          "i": "7be4ab5f-674d-5349-b01c-4c0d0eb40dc8",
          "BT": false
        }
      ]
    }
  },
  {
    "timestamp": 1706188147.7390254,
    "data": {
      "topic": "publicTrade.BTCUSDT",
      "type": "snapshot",
      "ts": 1706188142853,
      "data": [
        {
          "T": 1706188142852,
          "s": "BTCUSDT",
          "S": "Sell",
          "v": "0.041",
          "p": "39891.60",
          "L": "ZeroMinusTick",
          "i": "746bf215-4056-5742-ba8b-ca854da4df70",
          "BT": false
        },
        {
          "T": 1706188142852,
          "s": "BTCUSDT",
          "S": "Sell",
          "v": "0.038",
          "p": "39891.60",
          "L": "ZeroMinusTick",
          "i": "78899a65-3984-56e8-b023-1391e7a270dd",
          "BT": false
        },
        {
          "T": 1706188142852,
          "s": "BTCUSDT",
          "S": "Sell",
          "v": "0.251",
          "p": "39891.60",
          "L": "ZeroMinusTick",
          "i": "fe0d48ff-1341-560d-a377-6a1a130eea09",
          "BT": false
        },
        {
          "T": 1706188142852,
          "s": "BTCUSDT",
          "S": "Sell",
          "v": "0.500",
          "p": "39891.60",
          "L": "ZeroMinusTick",
          "i": "c1f59642-ac70-5ac1-854c-4d3e093aefa0",
          "BT": false
        },
        {
          "T": 1706188142852,
          "s": "BTCUSDT",
          "S": "Sell",
          "v": "0.001",
          "p": "39891.60",
          "L": "ZeroMinusTick",
          "i": "1ed0daf4-325a-5eab-991d-e59162001210",
          "BT": false
        },
        {
          "T": 1706188142852,
          "s": "BTCUSDT",
          "S": "Sell",
          "v": "0.300",
          "p": "39891.60",
          "L": "ZeroMinusTick",
          "i": "b913d88c-0848-50fc-8cdb-2671870c48a6",
          "BT": false
        },
        {
          "T": 1706188142852,
          "s": "BTCUSDT",
          "S": "Sell",
          "v": "0.500",
          "p": "39891.60",
          "L": "ZeroMinusTick",
          "i": "5118b6f0-4baa-5c8d-9fe4-4c58f67d9308",
          "BT": false
        },
        {
          "T": 1706188142852,
          "s": "BTCUSDT",
          "S": "Sell",
          "v": "1.029",
          "p": "39891.50",
          "L": "MinusTick",
          "i": "15185d9d-1a8a-52cb-9467-eff22f8a4e89",
          "BT": false
        },
        {
          "T": 1706188142852,
          "s": "BTCUSDT",
          "S": "Sell",
          "v": "0.005",
          "p": "39891.50",
          "L": "ZeroMinusTick",
          "i": "2a9771a3-69a0-5de3-8374-5ddeb868d81d",
          "BT": false
        },
        {
          "T": 1706188142852,
          "s": "BTCUSDT",
          "S": "Sell",
          "v": "1.029",
          "p": "39891.50",
          "L": "ZeroMinusTick",
          "i": "96cef022-7f6d-5e52-b2b1-2c9374085ccd",
          "BT": false
        },
        {
          "T": 1706188142852,
          "s": "BTCUSDT",
          "S": "Sell",
          "v": "0.010",
          "p": "39891.50",
          "L": "ZeroMinusTick",
          "i": "51741051-79ec-5a6c-bb94-e246b17e3cdd",
          "BT": false
        },
        {
          "T": 1706188142852,
          "s": "BTCUSDT",
          "S": "Sell",
          "v": "0.005",
          "p": "39891.30",
          "L": "MinusTick",
          "i": "f124aad4-2115-5bed-9bd3-8a577c3f3464",
          "BT": false
        },
        {
          "T": 1706188142852,
          "s": "BTCUSDT",
          "S": "Sell",
          "v": "0.005",
          "p": "39890.80",
          "L": "MinusTick",
          "i": "7e485f03-1c67-50e7-ac90-9bb403d8a354",
          "BT": false
        },
        {
          "T": 1706188142852,
          "s": "BTCUSDT",
          "S": "Sell",
          "v": "0.005",
          "p": "39890.20",
          "L": "MinusTick",
          "i": "b8e4ab87-7918-5f5c-8517-df9330969d64",
          "BT": false
        },
        {
          "T": 1706188142852,
          "s": "BTCUSDT",
          "S": "Sell",
          "v": "0.005",
          "p": "39890.10",
          "L": "MinusTick",
          "i": "6f97cbda-0327-5d3a-a0de-5d62884978c3",
          "BT": false
        }
      ]
    }
  },
  {
    "timestamp": 1706188152.7308497,
    "data": {
      "topic": "publicTrade.BTCUSDT",
      "type": "snapshot",
      "ts": 1706188143037,
      "data": [
        {
          "T": 1706188143036,
          "s": "BTCUSDT",
          "S": "Buy",
          "v": "0.118",
          "p": "39891.70",
          "L": "PlusTick",
          "i": "b7d3422e-7bb5-5864-93f3-d1cff481bb70",
          "BT": false
        }
      ]
    }
  },
  {
    "timestamp": 1706188152.7346964,
    "data": {
      "topic": "publicTrade.BTCUSDT",
      "type": "snapshot",
      "ts": 1706188143741,
      "data": [
        {
          "T": 1706188143739,
          "s": "BTCUSDT",
          "S": "Sell",
          "v": "0.004",
          "p": "39891.60",
          "L": "ZeroMinusTick",
          "i": "c0fc7820-c5e6-5850-af7d-a5597de42d63",
          "BT": false
        }
      ]
    }
  },
  {
    "timestamp": 1706188152.739121,
    "data": {
      "topic": "publicTrade.BTCUSDT",
      "type": "snapshot",
      "ts": 1706188145037,
      "data": [
        {
          "T": 1706188145036,
          "s": "BTCUSDT",
          "S": "Buy",
          "v": "0.493",
          "p": "39891.70",
          "L": "ZeroPlusTick",
          "i": "2611c9ed-40cd-50b2-9382-d37cbbb2220c",
          "BT": false
        },
        {
          "T": 1706188145036,
          "s": "BTCUSDT",
          "S": "Buy",
          "v": "0.001",
          "p": "39891.70",
          "L": "ZeroPlusTick",
          "i": "ad4f3005-2587-53fe-9515-32bba1d3ab4e",
          "BT": false
        },
        {
          "T": 1706188145036,
          "s": "BTCUSDT",
          "S": "Buy",
          "v": "1.124",
          "p": "39891.70",
          "L": "ZeroPlusTick",
          "i": "12df2f12-e5ef-5c07-8d34-aa4c94ff34a1",
          "BT": false
        }
      ]
    }
  },
  {
    "timestamp": 1706188152.7435884,
    "data": {
      "topic": "publicTrade.BTCUSDT",
      "type": "snapshot",
      "ts": 1706188145502,
      "data": [
        {
          "T": 1706188145500,
          "s": "BTCUSDT",
          "S": "Buy",
          "v": "0.009",
          "p": "39891.80",
          "L": "ZeroPlusTick",
          "i": "4486c322-e158-5717-a421-fbe4a95b0f88",
          "BT": false
        }
      ]
    }
  },
  {
    "timestamp": 1706188152.748551,
    "data": {
      "topic": "publicTrade.BTCUSDT",
      "type": "snapshot",
      "ts": 1706188146190,
      "data": [
        {
          "T": 1706188146188,
          "s": "BTCUSDT",
          "S": "Buy",
          "v": "0.106",
          "p": "39891.90",
          "L": "ZeroPlusTick",
          "i": "cdd33f6a-847e-5150-80c5-9a0c630abc75",
          "BT": false
        }
      ]
    }
  },
  {
    "timestamp": 1706188152.7531328,
    "data": {
      "topic": "publicTrade.BTCUSDT",
      "type": "snapshot",
      "ts": 1706188146665,
      "data": [
        {
          "T": 1706188146664,
          "s": "BTCUSDT",
          "S": "Buy",
          "v": "0.300",
          "p": "39891.90",
          "L": "ZeroPlusTick",
          "i": "82ec0411-a2f7-5ba9-9ce9-2010666ba6a7",
          "BT": false
        }
      ]
    }
  },
  {
    "timestamp": 1706188152.7579532,
    "data": {
      "topic": "publicTrade.BTCUSDT",
      "type": "snapshot",
      "ts": 1706188146679,
      "data": [
        {
          "T": 1706188146677,
          "s": "BTCUSDT",
          "S": "Sell",
          "v": "0.300",
          "p": "39891.80",
          "L": "MinusTick",
          "i": "3f588318-f88a-532e-ab48-7e618f508111",
          "BT": false
        },
        {
          "T": 1706188146677,
          "s": "BTCUSDT",
          "S": "Sell",
          "v": "0.071",
          "p": "39891.80",
          "L": "ZeroMinusTick",
          "i": "2972e984-5872-5242-8fc5-19c1642bbccb",
          "BT": false
        }
      ]
    }
  },
  {
    "timestamp": 1706188152.7630286,
    "data": {
      "topic": "publicTrade.BTCUSDT",
      "type": "snapshot",
      "ts": 1706188147234,
      "data": [
        {
          "T": 1706188147233,
          "s": "BTCUSDT",
          "S": "Buy",
          "v": "0.110",
          "p": "39891.90",
          "L": "ZeroPlusTick",
          "i": "c0134bc1-b101-5092-94bc-5a4078f2a40f",
          "BT": false
        }
      ]
    }
  },
  {
    "timestamp": 1706188157.7646618,
    "data": {
      "topic": "publicTrade.BTCUSDT",
      "type": "snapshot",
      "ts": 1706188147888,
      "data": [
        {
          "T": 1706188147887,
          "s": "BTCUSDT",
          "S": "Buy",
          "v": "0.144",
          "p": "39891.90",
          "L": "ZeroPlusTick",
          "i": "d65897aa-fbcc-520e-9af8-d945347f7f3c",
          "BT": false
        },
        {
          "T": 1706188147887,
          "s": "BTCUSDT",
          "S": "Buy",
          "v": "0.018",
          "p": "39891.90",
          "L": "ZeroPlusTick",
          "i": "f0af0796-42d7-5102-b080-556fe2a4a70f",
          "BT": false
        },
        {
          "T": 1706188147887,
          "s": "BTCUSDT",
          "S": "Buy",
          "v": "0.138",
          "p": "39891.90",
          "L": "ZeroPlusTick",
          "i": "bd580253-059b-5ac6-bb9c-ba1baddbf162",
          "BT": false
        }
      ]
    }
  },
  {
    "timestamp": 1706188157.7681174,
    "data": {
      "topic": "publicTrade.BTCUSDT",
      "type": "snapshot",
      "ts": 1706188148473,
      "data": [
        {
          "T": 1706188148471,
          "s": "BTCUSDT",
          "S": "Sell",
          "v": "0.296",
          "p": "39892.20",
          "L": "PlusTick",
          "i": "248323d5-1efb-5176-8268-2f0df1b659dc",
          "BT": false
        },
        {
          "T": 1706188148471,
          "s": "BTCUSDT",
          "S": "Sell",
          "v": "0.451",
          "p": "39892.20",
          "L": "ZeroPlusTick",
          "i": "ac3857c3-e247-584d-a7d6-37ff66b0eb58",
          "BT": false
        },
        {
          "T": 1706188148471,
          "s": "BTCUSDT",
          "S": "Sell",
          "v": "0.202",
          "p": "39892.20",
          "L": "ZeroPlusTick",
          "i": "e3735725-39eb-57b6-8729-1d738acd8d37",
          "BT": false
        },
        {
          "T": 1706188148471,
          "s": "BTCUSDT",
          "S": "Sell",
          "v": "0.023",
          "p": "39892.20",
          "L": "ZeroPlusTick",
          "i": "118431ed-1283-5a70-8b3a-5d7a3c5698a9",
          "BT": false
        }
      ]
    }
  },
  {
    "timestamp": 1706188157.7724247,
    "data": {
      "topic": "publicTrade.BTCUSDT",
      "type": "snapshot",
      "ts": 1706188149257,
      "data": [
        {
          "T": 1706188149256,
          "s": "BTCUSDT",
          "S": "Buy",
          "v": "0.001",
          "p": "39893.90",
          "L": "PlusTick",
          "i": "a1176729-ea6a-5c78-aa3c-28c478f23235",
          "BT": false
        }
      ]
    }
  },
  {
    "timestamp": 1706188157.7761197,
    "data": {
      "topic": "publicTrade.BTCUSDT",
      "type": "snapshot",
      "ts": 1706188149774,
      "data": [
        {
          "T": 1706188149773,
          "s": "BTCUSDT",
          "S": "Buy",
          "v": "0.100",
          "p": "39893.90",
          "L": "ZeroPlusTick",
          "i": "f94ed30f-c06e-5d4a-86e1-d4a99229d6b5",
          "BT": false
        }
      ]
    }
  },
  {
    "timestamp": 1706188157.781524,
    "data": {
      "topic": "publicTrade.BTCUSDT",
      "type": "snapshot",
      "ts": 1706188150402,
      "data": [
        {
          "T": 1706188150400,
          "s": "BTCUSDT",
          "S": "Buy",
          "v": "0.068",
          "p": "39893.90",
          "L": "ZeroPlusTick",
          "i": "9e9771d4-4d9f-5cec-b4d9-c6c50c0f268b",
          "BT": false
        },
        {
          "T": 1706188150400,
          "s": "BTCUSDT",
          "S": "Buy",
          "v": "0.032",
          "p": "39893.90",
          "L": "ZeroPlusTick",
          "i": "0de22f65-2ecd-5618-bf78-cf548b5afc8c",
          "BT": false
        }
      ]
    }
  },
  {
    "timestamp": 1706188157.787075,
    "data": {
      "topic": "publicTrade.BTCUSDT",
      "type": "snapshot",
      "ts": 1706188151520,
      "data": [
        {
          "T": 1706188151518,
          "s": "BTCUSDT",
          "S": "Buy",
          "v": "0.012",
          "p": "39893.90",
          "L": "ZeroPlusTick",
          "i": "8d9159b9-9e1f-5a78-a71d-cdde823927e2",
          "BT": false
        }
      ]
    }
  },
  {
    "timestamp": 1706188157.7925596,
    "data": {
      "topic": "publicTrade.BTCUSDT",
      "type": "snapshot",
      "ts": 1706188152117,
      "data": [
        {
          "T": 1706188152115,
          "s": "BTCUSDT",
          "S": "Buy",
          "v": "0.077",
          "p": "39893.90",
          "L": "ZeroPlusTick",
          "i": "121fbc00-8178-5ab3-90e4-2d4eb17e93b0",
          "BT": false
        }
      ]
    }
  },
  {
    "timestamp": 1706188157.798349,
    "data": {
      "topic": "publicTrade.BTCUSDT",
      "type": "snapshot",
      "ts": 1706188152684,
      "data": [
        {
          "T": 1706188152682,
          "s": "BTCUSDT",
          "S": "Buy",
          "v": "0.020",
          "p": "39893.90",
          "L": "PlusTick",
          "i": "a1d64787-d7b1-5aa9-a26b-8ca97def2b68",
          "BT": false
        }
      ]
    }
  },
  {
    "timestamp": 1706188157.8029253,
    "data": {
      "topic": "publicTrade.BTCUSDT",
      "type": "snapshot",
      "ts": 1706188152811,
      "data": [
        {
          "T": 1706188152810,
          "s": "BTCUSDT",
          "S": "Buy",
          "v": "0.128",
          "p": "39893.90",
          "L": "ZeroPlusTick",
          "i": "a32e9576-d30d-5d4d-87cb-cb34ab32e35f",
          "BT": false
        }
      ]
    }
  },
  {
    "timestamp": 1706188157.8078425,
    "data": {
      "topic": "publicTrade.BTCUSDT",
      "type": "snapshot",
      "ts": 1706188153265,
      "data": [
        {
          "T": 1706188153263,
          "s": "BTCUSDT",
          "S": "Buy",
          "v": "0.500",
          "p": "39893.90",
          "L": "PlusTick",
          "i": "ed5ab9a8-fc48-5fd2-ac98-2a9d0c2a8514",
          "BT": false
        }
      ]
    }
  },
  {
    "timestamp": 1706188163.1539528,
    "data": {
      "topic": "publicTrade.BTCUSDT",
      "type": "snapshot",
      "ts": 1706188153809,
      "data": [
        {
          "T": 1706188153807,
          "s": "BTCUSDT",
          "S": "Buy",
          "v": "0.006",
          "p": "39893.90",
          "L": "ZeroPlusTick",
          "i": "15e35c22-2370-5f00-b7f9-c71606bbe7ba",
          "BT": false
        },
        {
          "T": 1706188153807,
          "s": "BTCUSDT",
          "S": "Buy",
          "v": "0.415",
          "p": "39893.90",
          "L": "ZeroPlusTick",
          "i": "ea69abb6-35e9-54c2-a90d-c930347b39b7",
          "BT": false
        },
        {
          "T": 1706188153807,
          "s": "BTCUSDT",
          "S": "Buy",
          "v": "0.004",
          "p": "39893.90",
          "L": "ZeroPlusTick",
          "i": "3f1e34a5-a516-5a23-a20c-034c701dec24",
          "BT": false
        },
        {
          "T": 1706188153807,
          "s": "BTCUSDT",
          "S": "Buy",
          "v": "0.101",
          "p": "39893.90",
          "L": "ZeroPlusTick",
          "i": "8575c124-97e7-564a-808a-348bfd996dd5",
          "BT": false
        }
      ]
    }
  },
  {
    "timestamp": 1706188163.1578772,
    "data": {
      "topic": "publicTrade.BTCUSDT",
      "type": "snapshot",
      "ts": 1706188155189,
      "data": [
        {
          "T": 1706188155188,
          "s": "BTCUSDT",
          "S": "Sell",
          "v": "0.001",
          "p": "39893.80",
          "L": "ZeroMinusTick",
          "i": "0ae1dafa-7b1a-5bb2-8cb9-e2fb48946dd6",
          "BT": false
        }
      ]
    }
  },
  {
    "timestamp": 1706188163.161559,
    "data": {
      "topic": "publicTrade.BTCUSDT",
      "type": "snapshot",
      "ts": 1706188156142,
      "data": [
        {
          "T": 1706188156141,
          "s": "BTCUSDT",
          "S": "Buy",
          "v": "0.100",
          "p": "39893.90",
          "L": "ZeroPlusTick",
          "i": "e683ae95-1040-56af-95ba-18b7898b97da",
          "BT": false
        }
      ]
    }
  },
  {
    "timestamp": 1706188163.1651747,
    "data": {
      "topic": "publicTrade.BTCUSDT",
      "type": "snapshot",
      "ts": 1706188156744,
      "data": [
        {
          "T": 1706188156743,
          "s": "BTCUSDT",
          "S": "Sell",
          "v": "0.050",
          "p": "39893.80",
          "L": "ZeroMinusTick",
          "i": "4f5740d4-b16a-513f-82a3-155b952e6924",
          "BT": false
        }
      ]
    }
  },
  {
    "timestamp": 1706188163.1689124,
    "data": {
      "topic": "publicTrade.BTCUSDT",
      "type": "snapshot",
      "ts": 1706188156913,
      "data": [
        {
          "T": 1706188156911,
          "s": "BTCUSDT",
          "S": "Buy",
          "v": "0.010",
          "p": "39893.90",
          "L": "PlusTick",
          "i": "12d85c24-6b37-5e18-adfe-fdc91a00aebb",
          "BT": false
        },
        {
          "T": 1706188156911,
          "s": "BTCUSDT",
          "S": "Buy",
          "v": "0.010",
          "p": "39893.90",
          "L": "ZeroPlusTick",
          "i": "9ab2f5e3-5d47-5364-ab41-752559a43a3c",
          "BT": false
        },
        {
          "T": 1706188156911,
          "s": "BTCUSDT",
          "S": "Buy",
          "v": "0.612",
          "p": "39893.90",
          "L": "ZeroPlusTick",
          "i": "ec520385-2d9b-5504-b756-77bd2ff301cf",
          "BT": false
        },
        {
          "T": 1706188156911,
          "s": "BTCUSDT",
          "S": "Buy",
          "v": "0.113",
          "p": "39893.90",
          "L": "ZeroPlusTick",
          "i": "15056766-7800-5d5f-a09a-03463b8c0788",
          "BT": false
        },
        {
          "T": 1706188156911,
          "s": "BTCUSDT",
          "S": "Buy",
          "v": "0.406",
          "p": "39893.90",
          "L": "ZeroPlusTick",
          "i": "f6f5818d-0bcf-57a8-9e60-dbf7a36107f9",
          "BT": false
        },
        {
          "T": 1706188156911,
          "s": "BTCUSDT",
          "S": "Buy",
          "v": "0.165",
          "p": "39893.90",
          "L": "ZeroPlusTick",
          "i": "eed9f247-3d97-5af5-9cf3-8f7901dc10ca",
          "BT": false
        },
        {
          "T": 1706188156911,
          "s": "BTCUSDT",
          "S": "Buy",
          "v": "0.001",
          "p": "39894.00",
          "L": "PlusTick",
          "i": "982404c4-4fc9-5746-a648-ead323b627a9",
          "BT": false
        },
        {
          "T": 1706188156911,
          "s": "BTCUSDT",
          "S": "Buy",
          "v": "0.016",
          "p": "39894.00",
          "L": "ZeroPlusTick",
          "i": "d2fa5e12-492f-5238-bed7-ef3c2da7b13b",
          "BT": false
        },
        {
          "T": 1706188156911,
          "s": "BTCUSDT",
          "S": "Buy",
          "v": "0.010",
          "p": "39894.00",
          "L": "ZeroPlusTick",
          "i": "bb715cc1-bd8d-5131-a74c-50454511c087",
          "BT": false
        },
        {
          "T": 1706188156911,
          "s": "BTCUSDT",
          "S": "Buy",
          "v": "0.030",
          "p": "39894.20",
          "L": "PlusTick",
          "i": "63412fb2-f4e7-5bde-b058-9135de173214",
          "BT": false
        },
        {
          "T": 1706188156911,
          "s": "BTCUSDT",
          "S": "Buy",
          "v": "0.005",
          "p": "39894.40",
          "L": "PlusTick",
          "i": "2bc8504f-9b97-5323-b26a-33778062c859",
          "BT": false
        },
        {
          "T": 1706188156911,
          "s": "BTCUSDT",
          "S": "Buy",
          "v": "0.001",
          "p": "39894.60",
          "L": "PlusTick",
          "i": "dcfce76f-a88d-5e18-9418-0eda96b33ea3",
          "BT": false
        },
        {
          "T": 1706188156911,
          "s": "BTCUSDT",
          "S": "Buy",
          "v": "0.001",
          "p": "39894.70",
          "L": "PlusTick",
          "i": "eb9b5ddb-14e8-5874-a027-9b8dbf6cb2fb",
          "BT": false
        },
        {
          "T": 1706188156911,
          "s": "BTCUSDT",
          "S": "Buy",
          "v": "0.003",
          "p": "39894.70",
          "L": "ZeroPlusTick",
          "i": "eacb3430-02e9-5b2f-a5be-c3801626dfae",
          "BT": false
        },
        {
          "T": 1706188156911,
          "s": "BTCUSDT",
          "S": "Buy",
          "v": "0.001",
          "p": "39894.70",
          "L": "ZeroPlusTick",
          "i": "1b6c57d6-3e8a-5813-a15d-058ab8a4a152",
          "BT": false
        },
        {
          "T": 1706188156911,
          "s": "BTCUSDT",
          "S": "Buy",
          "v": "0.001",
          "p": "39894.70",
          "L": "ZeroPlusTick",
          "i": "192ed75e-a46e-55eb-9377-c5c1c137e48c",
          "BT": false
        },
        {
          "T": 1706188156911,
          "s": "BTCUSDT",
          "S": "Buy",
          "v": "0.001",
          "p": "39894.80",
          "L": "PlusTick",
          "i": "a6ee3f3a-41a0-518d-a0e8-c1f72cdbd07a",
          "BT": false
        },
        {
          "T": 1706188156911,
          "s": "BTCUSDT",
          "S": "Buy",
          "v": "0.005",
          "p": "39894.90",
          "L": "PlusTick",
          "i": "95312ff8-c1f2-51db-80b6-d3204e1586d7",
          "BT": false
        },
        {
          "T": 1706188156911,
          "s": "BTCUSDT",
          "S": "Buy",
          "v": "0.048",
          "p": "39895.00",
          "L": "PlusTick",
          "i": "d160757d-ac32-521c-8f8c-9c192c54b562",
          "BT": false
        },
        {
          "T": 1706188156911,
          "s": "BTCUSDT",
          "S": "Buy",
          "v": "0.009",
          "p": "39895.00",
          "L": "ZeroPlusTick",
          "i": "93e6f0e6-8309-5f7d-8d34-7a970dcd1a5f",
          "BT": false
        },
        {
          "T": 1706188156911,
          "s": "BTCUSDT",
          "S": "Buy",
          "v": "0.002",
          "p": "39895.10",
          "L": "PlusTick",
          "i": "fc27ca55-3c94-560e-9ed4-e69eb22fe332",
          "BT": false
        },
        {
          "T": 1706188156911,
          "s": "BTCUSDT",
          "S": "Buy",
          "v": "0.005",
          "p": "39895.10",
          "L": "ZeroPlusTick",
          "i": "5de9bf6b-4fc5-5ab1-a834-33a5adc1ebda",
          "BT": false
        },
        {
          "T": 1706188156911,
          "s": "BTCUSDT",
          "S": "Buy",
          "v": "0.022",
          "p": "39895.20",
          "L": "PlusTick",
          "i": "97d36c25-c6ca-5e7a-958c-917d1969126f",
          "BT": false
        },
        {
          "T": 1706188156911,
          "s": "BTCUSDT",
          "S": "Buy",
          "v": "0.037",
          "p": "39895.20",
          "L": "ZeroPlusTick",
          "i": "7b9703fd-0dca-5688-b7e6-bb40247b62cb",
          "BT": false
        },
        {
          "T": 1706188156911,
          "s": "BTCUSDT",
          "S": "Buy",
          "v": "0.013",
          "p": "39895.30",
          "L": "PlusTick",
          "i": "11f56b61-eee9-59b5-abb5-e4405c44d5b2",
          "BT": false
        },
        {
          "T": 1706188156911,
          "s": "BTCUSDT",
          "S": "Buy",
          "v": "0.001",
          "p": "39895.30",
          "L": "ZeroPlusTick",
          "i": "a4ce0199-33f7-5b30-b02e-4963dfe29495",
          "BT": false
        },
        {
          "T": 1706188156911,
          "s": "BTCUSDT",
          "S": "Buy",
          "v": "0.001",
          "p": "39895.30",
          "L": "ZeroPlusTick",
          "i": "ae3ce932-ae3e-5a02-8331-2f3fb8312140",
          "BT": false
        },
        {
          "T": 1706188156911,
          "s": "BTCUSDT",
          "S": "Buy",
          "v": "0.002",
          "p": "39895.30",
          "L": "ZeroPlusTick",
          "i": "e6baa4fd-e1cb-51ec-91ed-6d40d29d0dde",
          "BT": false
        },
        {
          "T": 1706188156911,
          "s": "BTCUSDT",
          "S": "Buy",
          "v": "0.001",
          "p": "39895.40",
          "L": "PlusTick",
          "i": "05999974-e3c5-5627-bd25-30449788660e",
          "BT": false
        },
        {
          "T": 1706188156911,
          "s": "BTCUSDT",
          "S": "Buy",
          "v": "0.005",
          "p": "39895.50",
          "L": "PlusTick",
          "i": "bb55042e-1b58-5144-9fb6-93d203717648",
          "BT": false
        },
        {
          "T": 1706188156911,
          "s": "BTCUSDT",
          "S": "Buy",
          "v": "0.002",
          "p": "39895.60",
          "L": "PlusTick",
          "i": "7a6355e8-bf3a-5cd5-92f7-96cbb23339fe",
          "BT": false
        },
        {
          "T": 1706188156911,
          "s": "BTCUSDT",
          "S": "Buy",
          "v": "0.001",
          "p": "39895.60",
          "L": "ZeroPlusTick",
          "i": "c9447486-ee34-5edf-8be0-b3af5ec7f4ba",
          "BT": false
        },
        {
          "T": 1706188156911,
          "s": "BTCUSDT",
          "S": "Buy",
          "v": "0.005",
          "p": "39895.60",
          "L": "ZeroPlusTick",
          "i": "e58a3632-b808-5b61-b483-ee75672a30d6",
          "BT": false
        },
        {
          "T": 1706188156911,
          "s": "BTCUSDT",
          "S": "Buy",
          "v": "0.330",
          "p": "39895.80",
          "L": "PlusTick",
          "i": "0eee86ed-b45c-5473-83ed-43da7968dbbb",
          "BT": false
        },
        {
          "T": 1706188156911,
          "s": "BTCUSDT",
          "S": "Buy",
          "v": "0.999",
          "p": "39895.80",
          "L": "ZeroPlusTick",
          "i": "d7b48127-1ed3-5287-adee-c63b9cbec380",
          "BT": false
        },
        {
          "T": 1706188156911,
          "s": "BTCUSDT",
          "S": "Buy",
          "v": "0.415",
          "p": "39895.80",
          "L": "ZeroPlusTick",
          "i": "8a94899c-813d-538a-841d-dea018ed5529",
          "BT": false
        },
        {
          "T": 1706188156911,
          "s": "BTCUSDT",
          "S": "Buy",
          "v": "0.063",
          "p": "39895.80",
          "L": "ZeroPlusTick",
          "i": "0a886d7f-36d4-58e2-9840-f98aa0b8c021",
          "BT": false
        },
        {
          "T": 1706188156911,
          "s": "BTCUSDT",
          "S": "Buy",
          "v": "0.058",
          "p": "39896.00",
          "L": "PlusTick",
          "i": "372a1539-ea78-518f-bb09-a0563d57b866",
          "BT": false
        },
        {
          "T": 1706188156911,
          "s": "BTCUSDT",
          "S": "Buy",
          "v": "0.001",
          "p": "39896.00",
          "L": "ZeroPlusTick",
          "i": "345f66ca-e63d-5340-b1d3-14a153219d7e",
          "BT": false
        },
        {
          "T": 1706188156911,
          "s": "BTCUSDT",
          "S": "Buy",
          "v": "0.001",
          "p": "39896.20",
          "L": "PlusTick",
          "i": "2131abf0-0d17-52fe-9f3a-313d448eebc6",
          "BT": false
        },
        {
          "T": 1706188156911,
          "s": "BTCUSDT",
          "S": "Buy",
          "v": "0.005",
          "p": "39896.20",
          "L": "ZeroPlusTick",
          "i": "a30d6a7b-ecc7-53ac-a3fa-9eb196af9d7e",
          "BT": false
        },
        {
          "T": 1706188156911,
          "s": "BTCUSDT",
          "S": "Buy",
          "v": "0.018",
          "p": "39896.30",
          "L": "PlusTick",
          "i": "260e4ae7-9b24-524c-ba0a-55ea6840f4f5",
          "BT": false
        },
        {
          "T": 1706188156911,
          "s": "BTCUSDT",
          "S": "Buy",
          "v": "0.005",
          "p": "39896.30",
          "L": "ZeroPlusTick",
          "i": "d5a3c46f-912f-5fa7-87d6-5e3c527482a1",
          "BT": false
        },
        {
          "T": 1706188156911,
          "s": "BTCUSDT",
          "S": "Buy",
          "v": "0.009",
          "p": "39896.70",
          "L": "PlusTick",
          "i": "fda21ae7-ade0-599f-903d-d42c00291415",
          "BT": false
        },
        {
          "T": 1706188156911,
          "s": "BTCUSDT",
          "S": "Buy",
          "v": "0.005",
          "p": "39896.70",
          "L": "ZeroPlusTick",
          "i": "e428f138-0791-51ea-b3d1-8086c8fa6e44",
          "BT": false
        },
        {
          "T": 1706188156911,
          "s": "BTCUSDT",
          "S": "Buy",
          "v": "0.001",
          "p": "39896.80",
          "L": "PlusTick",
          "i": "f0cd0b90-b2f8-5107-96ce-0d0179544d84",
          "BT": false
        },
        {
          "T": 1706188156911,
          "s": "BTCUSDT",
          "S": "Buy",
          "v": "0.005",
          "p": "39896.80",
          "L": "ZeroPlusTick",
          "i": "33ddc167-a91a-5d2c-9d78-9034d2e150a1",
          "BT": false
        },
        {
          "T": 1706188156911,
          "s": "BTCUSDT",
          "S": "Buy",
          "v": "0.149",
          "p": "39897.00",
          "L": "PlusTick",
          "i": "218c70f1-d824-514a-9813-80c86097ab57",
          "BT": false
        },
        {
          "T": 1706188156911,
          "s": "BTCUSDT",
          "S": "Buy",
          "v": "0.039",
          "p": "39897.00",
          "L": "ZeroPlusTick",
          "i": "4ad60543-6567-5832-90a5-099a1fd24aee",
          "BT": false
        },
        {
          "T": 1706188156911,
          "s": "BTCUSDT",
          "S": "Buy",
          "v": "0.005",
          "p": "39897.10",
          "L": "PlusTick",
          "i": "0a5a8daa-00f0-5501-975f-41baf4166540",
          "BT": false
        },
        {
          "T": 1706188156911,
          "s": "BTCUSDT",
          "S": "Buy",
          "v": "0.005",
          "p": "39897.30",
          "L": "PlusTick",
          "i": "b4fa64c5-2a10-59fa-b17c-a4155727f30e",
          "BT": false
        },
        {
          "T": 1706188156911,
          "s": "BTCUSDT",
          "S": "Buy",
          "v": "0.001",
          "p": "39897.40",
          "L": "PlusTick",
          "i": "9faa9e88-9779-5a04-9300-bf22777ee6fd",
          "BT": false
        },
        {
          "T": 1706188156911,
          "s": "BTCUSDT",
          "S": "Buy",
          "v": "0.005",
          "p": "39897.40",
          "L": "ZeroPlusTick",
          "i": "3136836e-c35a-5ebf-879f-b40ab14560f0",
          "BT": false
        },
        {
          "T": 1706188156911,
          "s": "BTCUSDT",
          "S": "Buy",
          "v": "0.004",
          "p": "39897.70",
          "L": "PlusTick",
          "i": "f20a4cd2-d020-5dae-8c17-3bb6f05492d0",
          "BT": false
        },
        {
          "T": 1706188156911,
          "s": "BTCUSDT",
          "S": "Buy",
          "v": "0.001",
          "p": "39897.70",
          "L": "ZeroPlusTick",
          "i": "f3124ae0-4aaa-598f-8cde-aac235cdc649",
          "BT": false
        },
        {
          "T": 1706188156911,
          "s": "BTCUSDT",
          "S": "Buy",
          "v": "0.005",
          "p": "39897.70",
          "L": "ZeroPlusTick",
          "i": "03499f74-99ae-5ed0-a7bd-60b8fede6670",
          "BT": false
        },
        {
          "T": 1706188156911,
          "s": "BTCUSDT",
          "S": "Buy",
          "v": "0.703",
          "p": "39897.70",
          "L": "ZeroPlusTick",
          "i": "133dd946-e9b9-5fb6-b42a-33f05cee3cb1",
          "BT": false
        },
        {
          "T": 1706188156911,
          "s": "BTCUSDT",
          "S": "Buy",
          "v": "0.330",
          "p": "39897.80",
          "L": "PlusTick",
          "i": "c9eab948-6943-5c46-8333-f68e7f6373e7",
          "BT": false
        },
        {
          "T": 1706188156911,
          "s": "BTCUSDT",
          "S": "Buy",
          "v": "0.999",
          "p": "39897.80",
          "L": "ZeroPlusTick",
          "i": "a903be56-a576-57b4-ab8d-d6a9aab0f381",
          "BT": false
        },
        {
          "T": 1706188156911,
          "s": "BTCUSDT",
          "S": "Buy",
          "v": "0.415",
          "p": "39897.80",
          "L": "ZeroPlusTick",
          "i": "afa183b8-9f5f-5d63-ba39-42dc29dd993a",
          "BT": false
        },
        {
          "T": 1706188156911,
          "s": "BTCUSDT",
          "S": "Buy",
          "v": "0.019",
          "p": "39897.80",
          "L": "ZeroPlusTick",
          "i": "f19beaa9-03bb-5dc1-bafb-b8bdacaae05b",
          "BT": false
        },
        {
          "T": 1706188156911,
          "s": "BTCUSDT",
          "S": "Buy",
          "v": "0.050",
          "p": "39897.80",
          "L": "ZeroPlusTick",
          "i": "a364956d-2ae4-5b7b-bb58-58128d9aef8b",
          "BT": false
        },
        {
          "T": 1706188156911,
          "s": "BTCUSDT",
          "S": "Buy",
          "v": "1.018",
          "p": "39897.80",
          "L": "ZeroPlusTick",
          "i": "88a7925d-e69b-5503-b76f-b712d070f994",
          "BT": false
        },
        {
          "T": 1706188156911,
          "s": "BTCUSDT",
          "S": "Buy",
          "v": "0.005",
          "p": "39897.90",
          "L": "PlusTick",
          "i": "a7e6a16d-913e-528e-988f-225a40460329",
          "BT": false
        },
        {
          "T": 1706188156911,
          "s": "BTCUSDT",
          "S": "Buy",
          "v": "1.050",
          "p": "39897.90",
          "L": "ZeroPlusTick",
          "i": "87b49af2-014f-57bb-9e3a-fd039179d821",
          "BT": false
        },
        {
          "T": 1706188156911,
          "s": "BTCUSDT",
          "S": "Buy",
          "v": "0.005",
          "p": "39897.90",
          "L": "ZeroPlusTick",
          "i": "e03530d0-062c-514e-9c2e-523a6669f32e",
          "BT": false
        },
        {
          "T": 1706188156911,
          "s": "BTCUSDT",
          "S": "Buy",
          "v": "0.001",
          "p": "39898.00",
          "L": "PlusTick",
          "i": "7a9a7986-54b0-53aa-80db-d1c3bac8b731",
          "BT": false
        },
        {
          "T": 1706188156911,
          "s": "BTCUSDT",
          "S": "Buy",
          "v": "0.005",
          "p": "39898.10",
          "L": "PlusTick",
          "i": "612a359c-61bf-5562-89b1-bc0bff007e01",
          "BT": false
        },
        {
          "T": 1706188156911,
          "s": "BTCUSDT",
          "S": "Buy",
          "v": "0.005",
          "p": "39898.10",
          "L": "ZeroPlusTick",
          "i": "97955f88-db65-5ca8-8b55-ab0ed2affb19",
          "BT": false
        },
        {
          "T": 1706188156911,
          "s": "BTCUSDT",
          "S": "Buy",
          "v": "0.001",
          "p": "39898.20",
          "L": "PlusTick",
          "i": "6e69e463-d3d5-50de-ad6b-eaf8b829786b",
          "BT": false
        },
        {
          "T": 1706188156911,
          "s": "BTCUSDT",
          "S": "Buy",
          "v": "0.001",
          "p": "39898.30",
          "L": "PlusTick",
          "i": "b605dd35-61e5-5443-a1c3-befc2e4adf50",
          "BT": false
        },
        {
          "T": 1706188156911,
          "s": "BTCUSDT",
          "S": "Buy",
          "v": "0.008",
          "p": "39898.50",
          "L": "PlusTick",
          "i": "e73b6189-25f9-5181-b87d-31fa926fc959",
          "BT": false
        },
        {
          "T": 1706188156911,
          "s": "BTCUSDT",
          "S": "Buy",
          "v": "0.015",
          "p": "39898.50",
          "L": "ZeroPlusTick",
          "i": "a595f267-7bfa-55c2-b8a8-cb2a1823a2d7",
          "BT": false
        },
        {
          "T": 1706188156911,
          "s": "BTCUSDT",
          "S": "Buy",
          "v": "0.005",
          "p": "39898.50",
          "L": "ZeroPlusTick",
          "i": "346c4624-388e-5a03-bb31-9ebc01d13f5a",
          "BT": false
        },
        {
          "T": 1706188156911,
          "s": "BTCUSDT",
          "S": "Buy",
          "v": "0.011",
          "p": "39898.60",
          "L": "PlusTick",
          "i": "0de0b6a0-0856-5b0f-be3d-575956a23975",
          "BT": false
        },
        {
          "T": 1706188156911,
          "s": "BTCUSDT",
          "S": "Buy",
          "v": "0.033",
          "p": "39898.60",
          "L": "ZeroPlusTick",
          "i": "b12f4e41-543b-58f2-8703-4be2b8125e1b",
          "BT": false
        },
        {
          "T": 1706188156911,
          "s": "BTCUSDT",
          "S": "Buy",
          "v": "0.005",
          "p": "39898.70",
          "L": "PlusTick",
          "i": "8e4855d5-8548-5b8e-ad1b-55f399544d0f",
          "BT": false
        },
        {
          "T": 1706188156911,
          "s": "BTCUSDT",
          "S": "Buy",
          "v": "0.005",
          "p": "39898.90",
          "L": "PlusTick",
          "i": "573105b1-0774-55d7-b1cb-3bc679498d94",
          "BT": false
        },
        {
          "T": 1706188156911,
          "s": "BTCUSDT",
          "S": "Buy",
          "v": "0.125",
          "p": "39899.00",
          "L": "PlusTick",
          "i": "ce4f601d-24ba-5dce-bb01-f75389930c71",
          "BT": false
        },
        {
          "T": 1706188156911,
          "s": "BTCUSDT",
          "S": "Buy",
          "v": "0.125",
          "p": "39899.00",
          "L": "ZeroPlusTick",
          "i": "4b51bfcd-bcec-5335-8641-ea0d006ab76d",
          "BT": false
        },
        {
          "T": 1706188156911,
          "s": "BTCUSDT",
          "S": "Buy",
          "v": "0.125",
          "p": "39899.00",
          "L": "ZeroPlusTick",
          "i": "a025adf5-d0e8-5165-b0f3-b3320a9a1ce2",
          "BT": false
        },
        {
          "T": 1706188156911,
          "s": "BTCUSDT",
          "S": "Buy",
          "v": "0.125",
          "p": "39899.10",
          "L": "PlusTick",
          "i": "7b07e748-f00e-5c35-875c-b60aa8ad59eb",
          "BT": false
        },
        {
          "T": 1706188156911,
          "s": "BTCUSDT",
          "S": "Buy",
          "v": "0.125",
          "p": "39899.10",
          "L": "ZeroPlusTick",
          "i": "14e47ed9-a212-5109-a3e0-2cdd55f7fd99",
          "BT": false
        },
        {
          "T": 1706188156911,
          "s": "BTCUSDT",
          "S": "Buy",
          "v": "0.125",
          "p": "39899.10",
          "L": "ZeroPlusTick",
          "i": "63543d0e-9e13-53df-9b95-953ff52e4c27",
          "BT": false
        },
        {
          "T": 1706188156911,
          "s": "BTCUSDT",
          "S": "Buy",
          "v": "0.125",
          "p": "39899.10",
          "L": "ZeroPlusTick",
          "i": "fb9a71ec-12b1-5c9e-a11a-cea221443552",
          "BT": false
        },
        {
          "T": 1706188156911,
          "s": "BTCUSDT",
          "S": "Buy",
          "v": "0.829",
          "p": "39899.20",
          "L": "PlusTick",
          "i": "ec6a75a1-8710-5bde-820d-703d955d7ad0",
          "BT": false
        }
      ]
    }
  },
  {
    "timestamp": 1706188163.1742013,
    "data": {
      "topic": "publicTrade.BTCUSDT",
      "type": "snapshot",
      "ts": 1706188156920,
      "data": [
        {
          "T": 1706188156918,
          "s": "BTCUSDT",
          "S": "Buy",
          "v": "0.002",
          "p": "39899.20",
          "L": "ZeroPlusTick",
          "i": "a97badc0-fe55-58e4-a0ac-39f4d50468f8",
          "BT": false
        }
      ]
    }
  },
  {
    "timestamp": 1706188163.1818516,
    "data": {
      "topic": "publicTrade.BTCUSDT",
      "type": "snapshot",
      "ts": 1706188156939,
      "data": [
        {
          "T": 1706188156938,
          "s": "BTCUSDT",
          "S": "Buy",
          "v": "0.001",
          "p": "39899.20",
          "L": "PlusTick",
          "i": "71dfaecb-1f94-5a08-9ebe-8d0baf35ed6e",
          "BT": false
        }
      ]
    }
  },
  {
    "timestamp": 1706188163.188611,
    "data": {
      "topic": "publicTrade.BTCUSDT",
      "type": "snapshot",
      "ts": 1706188157076,
      "data": [
        {
          "T": 1706188157075,
          "s": "BTCUSDT",
          "S": "Buy",
          "v": "0.024",
          "p": "39899.20",
          "L": "ZeroPlusTick",
          "i": "467c0b5c-f768-5dd6-9ef7-fc991b724569",
          "BT": false
        },
        {
          "T": 1706188157075,
          "s": "BTCUSDT",
          "S": "Buy",
          "v": "0.300",
          "p": "39899.20",
          "L": "ZeroPlusTick",
          "i": "60e65706-d413-5eb9-be41-697c3359d572",
          "BT": false
        },
        {
          "T": 1706188157075,
          "s": "BTCUSDT",
          "S": "Buy",
          "v": "0.048",
          "p": "39899.20",
          "L": "ZeroPlusTick",
          "i": "ac71dec0-f9f8-57a0-97cc-1879190b1041",
          "BT": false
        }
      ]
    }
  },
  {
    "timestamp": 1706188163.1969225,
    "data": {
      "topic": "publicTrade.BTCUSDT",
      "type": "snapshot",
      "ts": 1706188157218,
      "data": [
        {
          "T": 1706188157216,
          "s": "BTCUSDT",
          "S": "Buy",
          "v": "0.239",
          "p": "39899.20",
          "L": "ZeroPlusTick",
          "i": "096ec0f4-57c9-5db3-9ccd-191dcc56d53c",
          "BT": false
        }
      ]
    }
  },
  {
    "timestamp": 1706188163.204829,
    "data": {
      "topic": "publicTrade.BTCUSDT",
      "type": "snapshot",
      "ts": 1706188157416,
      "data": [
        {
          "T": 1706188157415,
          "s": "BTCUSDT",
          "S": "Buy",
          "v": "0.071",
          "p": "39899.20",
          "L": "ZeroPlusTick",
          "i": "bd77629e-e621-56cb-87c7-26a65a828b85",
          "BT": false
        },
        {
          "T": 1706188157415,
          "s": "BTCUSDT",
          "S": "Buy",
          "v": "0.001",
          "p": "39899.20",
          "L": "ZeroPlusTick",
          "i": "2a064dcd-ad63-5c79-938d-de1e9e32a9cc",
          "BT": false
        }
      ]
    }
  },
  {
    "timestamp": 1706188163.2119706,
    "data": {
      "topic": "publicTrade.BTCUSDT",
      "type": "snapshot",
      "ts": 1706188157914,
      "data": [
        {
          "T": 1706188157912,
          "s": "BTCUSDT",
          "S": "Buy",
          "v": "0.100",
          "p": "39899.20",
          "L": "ZeroPlusTick",
          "i": "c03d3e54-db8f-5c65-b9d7-f4c97c86f99c",
          "BT": false
        }
      ]
    }
  },
  {
    "timestamp": 1706188163.2179537,
    "data": {
      "topic": "publicTrade.BTCUSDT",
      "type": "snapshot",
      "ts": 1706188158454,
      "data": [
        {
          "T": 1706188158452,
          "s": "BTCUSDT",
          "S": "Buy",
          "v": "0.002",
          "p": "39899.20",
          "L": "ZeroPlusTick",
          "i": "7d14ab9f-f4cd-589b-8d51-16a3a1edc472",
          "BT": false
        }
      ]
    }
  },
  {
    "timestamp": 1706188163.224268,
    "data": {
      "topic": "publicTrade.BTCUSDT",
      "type": "snapshot",
      "ts": 1706188158682,
      "data": [
        {
          "T": 1706188158680,
          "s": "BTCUSDT",
          "S": "Buy",
          "v": "0.828",
          "p": "39899.20",
          "L": "ZeroPlusTick",
          "i": "8d4b9cd5-d6e3-5e92-a792-4b9f538f1b1a",
          "BT": false
        },
        {
          "T": 1706188158680,
          "s": "BTCUSDT",
          "S": "Buy",
          "v": "0.030",
          "p": "39899.20",
          "L": "ZeroPlusTick",
          "i": "d80d5d61-b7fb-5087-8cc1-1f75082b5f7d",
          "BT": false
        },
        {
          "T": 1706188158680,
          "s": "BTCUSDT",
          "S": "Buy",
          "v": "0.102",
          "p": "39899.20",
          "L": "ZeroPlusTick",
          "i": "e653fbb8-3b47-5fa2-aa53-30883bf195ad",
          "BT": false
        }
      ]
    }
  },
  {
    "timestamp": 1706188168.4061432,
    "data": {
      "success": true,
      "ret_msg": "pong",
      "conn_id": "5a614f4e-66cd-4d82-9ff5-aa0c243a0785",
      "req_id": "",
      "op": "ping"
    }
  },
  {
    "timestamp": 1706188168.4129114,
    "data": {
      "topic": "publicTrade.BTCUSDT",
      "type": "snapshot",
      "ts": 1706188159670,
      "data": [
        {
          "T": 1706188159669,
          "s": "BTCUSDT",
          "S": "Buy",
          "v": "0.010",
          "p": "39899.20",
          "L": "ZeroPlusTick",
          "i": "32255d4d-4138-5aa0-b455-fb4fe796b156",
          "BT": false
        }
      ]
    }
  },
  {
    "timestamp": 1706188168.4194727,
    "data": {
      "topic": "publicTrade.BTCUSDT",
      "type": "snapshot",
      "ts": 1706188160570,
      "data": [
        {
          "T": 1706188160569,
          "s": "BTCUSDT",
          "S": "Buy",
          "v": "0.005",
          "p": "39899.20",
          "L": "ZeroPlusTick",
          "i": "18309362-0191-5cb7-9e2b-3d8f860a0267",
          "BT": false
        }
      ]
    }
  },
  {
    "timestamp": 1706188168.4258149,
    "data": {
      "topic": "publicTrade.BTCUSDT",
      "type": "snapshot",
      "ts": 1706188161248,
      "data": [
        {
          "T": 1706188161247,
          "s": "BTCUSDT",
          "S": "Buy",
          "v": "0.005",
          "p": "39899.20",
          "L": "ZeroPlusTick",
          "i": "f7486d49-677b-5d9c-8a2e-7599e055ee76",
          "BT": false
        }
      ]
    }
  },
  {
    "timestamp": 1706188168.431513,
    "data": {
      "topic": "publicTrade.BTCUSDT",
      "type": "snapshot",
      "ts": 1706188161731,
      "data": [
        {
          "T": 1706188161730,
          "s": "BTCUSDT",
          "S": "Buy",
          "v": "0.100",
          "p": "39899.20",
          "L": "ZeroPlusTick",
          "i": "741f4d12-3ecb-5e5d-98f7-397a1a951f05",
          "BT": false
        }
      ]
    }
  },
  {
    "timestamp": 1706188168.4370227,
    "data": {
      "topic": "publicTrade.BTCUSDT",
      "type": "snapshot",
      "ts": 1706188161926,
      "data": [
        {
          "T": 1706188161925,
          "s": "BTCUSDT",
          "S": "Buy",
          "v": "0.002",
          "p": "39899.30",
          "L": "PlusTick",
          "i": "7e9d4ff1-bad1-50d3-9ac5-f41a78ca3c26",
          "BT": false
        }
      ]
    }
  },
  {
    "timestamp": 1706188168.4422634,
    "data": {
      "topic": "publicTrade.BTCUSDT",
      "type": "snapshot",
      "ts": 1706188162018,
      "data": [
        {
          "T": 1706188162017,
          "s": "BTCUSDT",
          "S": "Sell",
          "v": "0.092",
          "p": "39899.20",
          "L": "ZeroMinusTick",
          "i": "1b3cffde-d514-5c58-897a-2a9abd33cc59",
          "BT": false
        }
      ]
    }
  },
  {
    "timestamp": 1706188168.4476893,
    "data": {
      "topic": "publicTrade.BTCUSDT",
      "type": "snapshot",
      "ts": 1706188163062,
      "data": [
        {
          "T": 1706188163060,
          "s": "BTCUSDT",
          "S": "Buy",
          "v": "0.002",
          "p": "39899.30",
          "L": "ZeroPlusTick",
          "i": "8292af03-fe37-5e14-89cf-aa3a167a21da",
          "BT": false
        }
      ]
    }
  },
  {
    "timestamp": 1706188168.4536395,
    "data": {
      "topic": "publicTrade.BTCUSDT",
      "type": "snapshot",
      "ts": 1706188163280,
      "data": [
        {
          "T": 1706188163279,
          "s": "BTCUSDT",
          "S": "Sell",
          "v": "0.002",
          "p": "39899.20",
          "L": "MinusTick",
          "i": "b8e6e8d1-ec53-5cca-bb06-615477bff58c",
          "BT": false
        }
      ]
    }
  },
  {
    "timestamp": 1706188176.4831102,
    "data": {
      "topic": "publicTrade.BTCUSDT",
      "type": "snapshot",
      "ts": 1706188164378,
      "data": [
        {
          "T": 1706188164377,
          "s": "BTCUSDT",
          "S": "Buy",
          "v": "0.003",
          "p": "39899.30",
          "L": "ZeroPlusTick",
          "i": "872f3096-6386-5b1f-aff9-adb6c5c6c66a",
          "BT": false
        }
      ]
    }
  },
  {
    "timestamp": 1706188176.4905958,
    "data": {
      "topic": "publicTrade.BTCUSDT",
      "type": "snapshot",
      "ts": 1706188164816,
      "data": [
        {
          "T": 1706188164814,
          "s": "BTCUSDT",
          "S": "Buy",
          "v": "0.002",
          "p": "39899.30",
          "L": "ZeroPlusTick",
          "i": "e6a27984-2786-5ab2-acbf-2b6510ca468c",
          "BT": false
        }
      ]
    }
  },
  {
    "timestamp": 1706188176.4975727,
    "data": {
      "topic": "publicTrade.BTCUSDT",
      "type": "snapshot",
      "ts": 1706188165434,
      "data": [
        {
          "T": 1706188165432,
          "s": "BTCUSDT",
          "S": "Buy",
          "v": "0.010",
          "p": "39899.30",
          "L": "ZeroPlusTick",
          "i": "2f1f9024-9101-555f-9d0c-eeb722fd88f9",
          "BT": false
        },
        {
          "T": 1706188165432,
          "s": "BTCUSDT",
          "S": "Buy",
          "v": "0.881",
          "p": "39899.30",
          "L": "ZeroPlusTick",
          "i": "c701b93c-852f-5327-b151-3298fe9e0cc3",
          "BT": false
        }
      ]
    }
  },
  {
    "timestamp": 1706188176.5046747,
    "data": {
      "topic": "publicTrade.BTCUSDT",
      "type": "snapshot",
      "ts": 1706188165669,
      "data": [
        {
          "T": 1706188165668,
          "s": "BTCUSDT",
          "S": "Sell",
          "v": "0.050",
          "p": "39899.20",
          "L": "MinusTick",
          "i": "29d2981c-d8f8-57e8-a161-ec9d45af722c",
          "BT": false
        },
        {
          "T": 1706188165668,
          "s": "BTCUSDT",
          "S": "Sell",
          "v": "0.226",
          "p": "39899.20",
          "L": "ZeroMinusTick",
          "i": "b8f227e6-afb7-527e-b001-fe8be1167edc",
          "BT": false
        },
        {
          "T": 1706188165668,
          "s": "BTCUSDT",
          "S": "Sell",
          "v": "0.050",
          "p": "39899.20",
          "L": "ZeroMinusTick",
          "i": "0d52f9c1-d48c-5ee9-b683-0cb23285383d",
          "BT": false
        },
        {
          "T": 1706188165668,
          "s": "BTCUSDT",
          "S": "Sell",
          "v": "0.050",
          "p": "39899.20",
          "L": "ZeroMinusTick",
          "i": "1dfce71f-2157-5715-b60f-57c10d9a3076",
          "BT": false
        },
        {
          "T": 1706188165668,
          "s": "BTCUSDT",
          "S": "Sell",
          "v": "0.050",
          "p": "39899.20",
          "L": "ZeroMinusTick",
          "i": "aedf94c1-4df4-5a74-b2dc-c9845d927062",
          "BT": false
        },
        {
          "T": 1706188165668,
          "s": "BTCUSDT",
          "S": "Sell",
          "v": "0.050",
          "p": "39899.20",
          "L": "ZeroMinusTick",
          "i": "ec94b282-0864-5445-bf92-a16c0b59d741",
          "BT": false
        },
        {
          "T": 1706188165668,
          "s": "BTCUSDT",
          "S": "Sell",
          "v": "0.050",
          "p": "39899.20",
          "L": "ZeroMinusTick",
          "i": "dee0ac99-f48b-5c92-b8d1-b2c71a24595e",
          "BT": false
        },
        {
          "T": 1706188165668,
          "s": "BTCUSDT",
          "S": "Sell",
          "v": "0.003",
          "p": "39899.20",
          "L": "ZeroMinusTick",
          "i": "531f9c56-92d7-5bd3-8460-9c104c282f60",
          "BT": false
        },
        {
          "T": 1706188165668,
          "s": "BTCUSDT",
          "S": "Sell",
          "v": "0.010",
          "p": "39899.20",
          "L": "ZeroMinusTick",
          "i": "bedb49dc-1d83-5160-8870-592805199cbc",
          "BT": false
        },
        {
          "T": 1706188165668,
          "s": "BTCUSDT",
          "S": "Sell",
          "v": "0.026",
          "p": "39899.20",
          "L": "ZeroMinusTick",
          "i": "929ce89a-f64f-5168-b545-8d0fa7b1a1eb",
          "BT": false
        }
      ]
    }
  },
  {
    "timestamp": 1706188176.5108168,
    "data": {
      "topic": "publicTrade.BTCUSDT",
      "type": "snapshot",
      "ts": 1706188165677,
      "data": [
        {
          "T": 1706188165675,
          "s": "BTCUSDT",
          "S": "Sell",
          "v": "0.302",
          "p": "39899.20",
          "L": "ZeroMinusTick",
          "i": "a0fc16fb-9228-584d-acb3-af16f323fce4",
          "BT": false
        }
      ]
    }
  },
  {
    "timestamp": 1706188176.5167227,
    "data": {
      "topic": "publicTrade.BTCUSDT",
      "type": "snapshot",
      "ts": 1706188165677,
      "data": [
        {
          "T": 1706188165676,
          "s": "BTCUSDT",
          "S": "Sell",
          "v": "0.753",
          "p": "39899.20",
          "L": "ZeroMinusTick",
          "i": "a7bcf02f-671e-5155-a1bf-4e6d319a9153",
          "BT": false
        }
      ]
    }
  },
  {
    "timestamp": 1706188176.5229428,
    "data": {
      "topic": "publicTrade.BTCUSDT",
      "type": "snapshot",
      "ts": 1706188165681,
      "data": [
        {
          "T": 1706188165679,
          "s": "BTCUSDT",
          "S": "Sell",
          "v": "0.011",
          "p": "39899.20",
          "L": "ZeroMinusTick",
          "i": "908086ae-72c2-5a41-9c8f-0b47c226c847",
          "BT": false
        }
      ]
    }
  },
  {
    "timestamp": 1706188176.530093,
    "data": {
      "topic": "publicTrade.BTCUSDT",
      "type": "snapshot",
      "ts": 1706188165686,
      "data": [
        {
          "T": 1706188165684,
          "s": "BTCUSDT",
          "S": "Sell",
          "v": "0.351",
          "p": "39899.20",
          "L": "ZeroMinusTick",
          "i": "c129f5fe-ecfd-5b17-8dc0-72a5a77f38f0",
          "BT": false
        }
      ]
    }
  },
  {
    "timestamp": 1706188176.536706,
    "data": {
      "topic": "publicTrade.BTCUSDT",
      "type": "snapshot",
      "ts": 1706188165707,
      "data": [
        {
          "T": 1706188165706,
          "s": "BTCUSDT",
          "S": "Sell",
          "v": "0.001",
          "p": "39899.10",
          "L": "MinusTick",
          "i": "edd7f936-9ddf-5f47-8530-bd23ffd90218",
          "BT": false
        },
        {
          "T": 1706188165706,
          "s": "BTCUSDT",
          "S": "Sell",
          "v": "0.001",
          "p": "39899.10",
          "L": "ZeroMinusTick",
          "i": "8c30e05c-a413-5887-95b8-49a29558ef8d",
          "BT": false
        },
        {
          "T": 1706188165706,
          "s": "BTCUSDT",
          "S": "Sell",
          "v": "0.010",
          "p": "39899.10",
          "L": "ZeroMinusTick",
          "i": "d3ebc2a0-8b6a-5e7a-97ef-96ccc23cb24f",
          "BT": false
        },
        {
          "T": 1706188165706,
          "s": "BTCUSDT",
          "S": "Sell",
          "v": "0.005",
          "p": "39898.40",
          "L": "MinusTick",
          "i": "cb3b5b51-6e7b-549e-b0f8-7f3691471146",
          "BT": false
        },
        {
          "T": 1706188165706,
          "s": "BTCUSDT",
          "S": "Sell",
          "v": "0.005",
          "p": "39898.10",
          "L": "MinusTick",
          "i": "a6f7c3e4-8e47-5e94-8fbc-3fefdfbd579e",
          "BT": false
        }
      ]
    }
  },
  {
    "timestamp": 1706188176.5461955,
    "data": {
      "topic": "publicTrade.BTCUSDT",
      "type": "snapshot",
      "ts": 1706188165741,
      "data": [
        {
          "T": 1706188165739,
          "s": "BTCUSDT",
          "S": "Sell",
          "v": "0.010",
          "p": "39897.70",
          "L": "MinusTick",
          "i": "d186deb0-4ca0-5e88-b68e-82cdf5c19aef",
          "BT": false
        }
      ]
    }
  },
  {
    "timestamp": 1706188176.5530808,
    "data": {
      "topic": "publicTrade.BTCUSDT",
      "type": "snapshot",
      "ts": 1706188165745,
      "data": [
        {
          "T": 1706188165744,
          "s": "BTCUSDT",
          "S": "Sell",
          "v": "0.001",
          "p": "39896.90",
          "L": "MinusTick",
          "i": "d9676238-2fd2-53d8-8c01-ccacae6e48cd",
          "BT": false
        }
      ]
    }
  },
  {
    "timestamp": 1706188176.5593162,
    "data": {
      "topic": "publicTrade.BTCUSDT",
      "type": "snapshot",
      "ts": 1706188165839,
      "data": [
        {
          "T": 1706188165837,
          "s": "BTCUSDT",
          "S": "Sell",
          "v": "0.002",
          "p": "39894.70",
          "L": "MinusTick",
          "i": "8d642fc7-2d5d-5b76-bda4-11d77a962700",
          "BT": false
        }
      ]
    }
  },
  {
    "timestamp": 1706188176.5656278,
    "data": {
      "topic": "publicTrade.BTCUSDT",
      "type": "snapshot",
      "ts": 1706188165981,
      "data": [
        {
          "T": 1706188165980,
          "s": "BTCUSDT",
          "S": "Buy",
          "v": "0.031",
          "p": "39893.40",
          "L": "MinusTick",
          "i": "ff06aae3-5fdc-53e7-9e46-542f360b0863",
          "BT": false
        }
      ]
    }
  },
  {
    "timestamp": 1706188176.572108,
    "data": {
      "topic": "publicTrade.BTCUSDT",
      "type": "snapshot",
      "ts": 1706188166362,
      "data": [
        {
          "T": 1706188166361,
          "s": "BTCUSDT",
          "S": "Buy",
          "v": "0.002",
          "p": "39893.10",
          "L": "MinusTick",
          "i": "c97c128f-2c93-564a-ad6a-b26570860aab",
          "BT": false
        }
      ]
    }
  },
  {
    "timestamp": 1706188176.5788279,
    "data": {
      "topic": "publicTrade.BTCUSDT",
      "type": "snapshot",
      "ts": 1706188166436,
      "data": [
        {
          "T": 1706188166434,
          "s": "BTCUSDT",
          "S": "Sell",
          "v": "0.024",
          "p": "39892.90",
          "L": "MinusTick",
          "i": "5e5d1bdb-c5a3-5e25-bc7e-2b11a35ccdc3",
          "BT": false
        },
        {
          "T": 1706188166434,
          "s": "BTCUSDT",
          "S": "Sell",
          "v": "0.006",
          "p": "39892.90",
          "L": "ZeroMinusTick",
          "i": "b8ac10dc-8767-55ee-b930-bd90c8676aef",
          "BT": false
        }
      ]
    }
  },
  {
    "timestamp": 1706188176.587518,
    "data": {
      "topic": "publicTrade.BTCUSDT",
      "type": "snapshot",
      "ts": 1706188166771,
      "data": [
        {
          "T": 1706188166770,
          "s": "BTCUSDT",
          "S": "Buy",
          "v": "0.030",
          "p": "39891.80",
          "L": "MinusTick",
          "i": "4bc638fb-5964-5b3c-bcad-8859856b3574",
          "BT": false
        }
      ]
    }
  },
  {
    "timestamp": 1706188181.8933399,
    "data": {
      "topic": "publicTrade.BTCUSDT",
      "type": "snapshot",
      "ts": 1706188166921,
      "data": [
        {
          "T": 1706188166920,
          "s": "BTCUSDT",
          "S": "Buy",
          "v": "0.044",
          "p": "39891.70",
          "L": "ZeroMinusTick",
          "i": "c7e68d31-8028-5065-94db-524af3cb3b9a",
          "BT": false
        }
      ]
    }
  },
  {
    "timestamp": 1706188181.900775,
    "data": {
      "topic": "publicTrade.BTCUSDT",
      "type": "snapshot",
      "ts": 1706188168110,
      "data": [
        {
          "T": 1706188168108,
          "s": "BTCUSDT",
          "S": "Buy",
          "v": "0.002",
          "p": "39891.10",
          "L": "MinusTick",
          "i": "8a5a573d-f4ab-55ad-b0b7-7b76d209f782",
          "BT": false
        }
      ]
    }
  },
  {
    "timestamp": 1706188181.9080753,
    "data": {
      "topic": "publicTrade.BTCUSDT",
      "type": "snapshot",
      "ts": 1706188168766,
      "data": [
        {
          "T": 1706188168764,
          "s": "BTCUSDT",
          "S": "Sell",
          "v": "0.059",
          "p": "39891.00",
          "L": "MinusTick",
          "i": "e161c382-2dfb-502a-a36d-17744d4bbd1c",
          "BT": false
        },
        {
          "T": 1706188168764,
          "s": "BTCUSDT",
          "S": "Sell",
          "v": "0.300",
          "p": "39891.00",
          "L": "ZeroMinusTick",
          "i": "31417bed-34e3-5f5b-8dc3-ea636693f6e2",
          "BT": false
        },
        {
          "T": 1706188168764,
          "s": "BTCUSDT",
          "S": "Sell",
          "v": "0.007",
          "p": "39891.00",
          "L": "ZeroMinusTick",
          "i": "dd621817-60cd-5d1c-8289-104ff059fea4",
          "BT": false
        }
      ]
    }
  },
  {
    "timestamp": 1706188181.915368,
    "data": {
      "topic": "publicTrade.BTCUSDT",
      "type": "snapshot",
      "ts": 1706188169214,
      "data": [
        {
          "T": 1706188169213,
          "s": "BTCUSDT",
          "S": "Sell",
          "v": "0.012",
          "p": "39891.00",
          "L": "MinusTick",
          "i": "4172e4c4-bafb-55cc-9874-ee2399b5a3c4",
          "BT": false
        }
      ]
    }
  },
  {
    "timestamp": 1706188181.9233437,
    "data": {
      "topic": "publicTrade.BTCUSDT",
      "type": "snapshot",
      "ts": 1706188169556,
      "data": [
        {
          "T": 1706188169554,
          "s": "BTCUSDT",
          "S": "Buy",
          "v": "0.018",
          "p": "39891.10",
          "L": "ZeroPlusTick",
          "i": "404ed3a0-0d8a-5550-9e4c-c9bb955d9553",
          "BT": false
        }
      ]
    }
  },
  {
    "timestamp": 1706188181.93398,
    "data": {
      "topic": "publicTrade.BTCUSDT",
      "type": "snapshot",
      "ts": 1706188170076,
      "data": [
        {
          "T": 1706188170074,
          "s": "BTCUSDT",
          "S": "Buy",
          "v": "0.050",
          "p": "39891.10",
          "L": "PlusTick",
          "i": "939da433-a1c1-5348-816b-80fa6e4545c3",
          "BT": false
        }
      ]
    }
  },
  {
    "timestamp": 1706188181.9421175,
    "data": {
      "topic": "publicTrade.BTCUSDT",
      "type": "snapshot",
      "ts": 1706188170709,
      "data": [
        {
          "T": 1706188170708,
          "s": "BTCUSDT",
          "S": "Buy",
          "v": "0.017",
          "p": "39891.10",
          "L": "PlusTick",
          "i": "3ecae841-7cd9-5d19-91e7-681e0a18213b",
          "BT": false
        }
      ]
    }
