[
  {
    "exchange": "gateio",
    "instrument": "btcusdt",
    "insType": "spot",
    "obj": "trades",
    "btc_price": 61705.5,
    "timestamp": 1709433449.5137243,
    "data": {
      "time": 1709433449,
      "time_ms": 1709433449383,
      "channel": "spot.trades",
      "event": "subscribe",
      "payload": [
        "BTC_USDT"
      ],
      "result": {
        "status": "success"
      },
      "requestId": "24349c6a0ccd473d90f8f1b2a695e4c9"
    }
  },
  {
    "exchange": "gateio",
    "instrument": "btcusdt",
    "insType": "spot",
    "obj": "trades",
    "btc_price": 61705.5,
    "timestamp": 1709433451.4366684,
    "data": {
      "time": 1709433451,
      "time_ms": 1709433451307,
      "channel": "spot.trades",
      "event": "update",
      "result": {
        "id": 7671961030,
        "create_time": 1709433451,
        "create_time_ms": "1709433451299.0",
        "side": "buy",
        "currency_pair": "BTC_USDT",
        "amount": "0.0026",
        "price": "61734",
        "range": "27210953-27210953"
      }
    }
  },
  {
    "exchange": "gateio",
    "instrument": "btcusdt",
    "insType": "spot",
    "obj": "trades",
    "btc_price": 61705.5,
    "timestamp": 1709433458.8710816,
    "data": {
      "time": 1709433458,
      "time_ms": 1709433458741,
      "channel": "spot.trades",
      "event": "update",
      "result": {
        "id": 7671961971,
        "create_time": 1709433458,
        "create_time_ms": "1709433458732.0",
        "side": "sell",
        "currency_pair": "BTC_USDT",
        "amount": "0.00004",
        "price": "61733.9",
        "range": "27210954-27210954"
      }
    }
  },
  {
    "exchange": "gateio",
    "instrument": "btcusdt",
    "insType": "spot",
    "obj": "trades",
    "btc_price": 61705.5,
    "timestamp": 1709433459.2762573,
    "data": {
      "time": 1709433459,
      "time_ms": 1709433459146,
      "channel": "spot.trades",
      "event": "update",
      "result": {
        "id": 7671962012,
        "create_time": 1709433459,
        "create_time_ms": "1709433459137.0",
        "side": "buy",
        "currency_pair": "BTC_USDT",
        "amount": "0.00029",
        "price": "61734",
        "range": "27210955-27210955"
      }
    }
  },
  {
    "exchange": "gateio",
    "instrument": "btcusdt",
    "insType": "spot",
    "obj": "trades",
    "btc_price": 61705.5,
    "timestamp": 1709433460.5042427,
    "data": {
      "time": 1709433460,
      "time_ms": 1709433460374,
      "channel": "spot.trades",
      "event": "update",
      "result": {
        "id": 7671962153,
        "create_time": 1709433460,
        "create_time_ms": "1709433460365.0",
        "side": "buy",
        "currency_pair": "BTC_USDT",
        "amount": "0.00148",
        "price": "61734",
        "range": "27210956-27210956"
      }
    }
  },
  {
    "exchange": "gateio",
    "instrument": "btcusdt",
    "insType": "spot",
    "obj": "trades",
    "btc_price": 61705.5,
    "timestamp": 1709433465.3978565,
    "data": {
      "time": 1709433465,
      "time_ms": 1709433465268,
      "channel": "spot.trades",
      "event": "update",
      "result": {
        "id": 7671962718,
        "create_time": 1709433465,
        "create_time_ms": "1709433465258.0",
        "side": "buy",
        "currency_pair": "BTC_USDT",
        "amount": "0.00081",
        "price": "61734",
        "range": "27210957-27210957"
      }
    }
  },
  {
    "exchange": "gateio",
    "instrument": "btcusdt",
    "insType": "spot",
    "obj": "trades",
    "btc_price": 61705.5,
    "timestamp": 1709433465.4191442,
    "data": {
      "time": 1709433465,
      "time_ms": 1709433465289,
      "channel": "spot.trades",
      "event": "update",
      "result": {
        "id": 7671962726,
        "create_time": 1709433465,
        "create_time_ms": "1709433465280.0",
        "side": "buy",
        "currency_pair": "BTC_USDT",
        "amount": "0.00081",
        "price": "61734",
        "range": "27210958-27210958"
      }
    }
  },
  {
    "exchange": "gateio",
    "instrument": "btcusdt",
    "insType": "spot",
    "obj": "trades",
    "btc_price": 61705.5,
    "timestamp": 1709433467.3708487,
    "data": {
      "time": 1709433467,
      "time_ms": 1709433467240,
      "channel": "spot.trades",
      "event": "update",
      "result": {
        "id": 7671962887,
        "create_time": 1709433467,
        "create_time_ms": "1709433467229.0",
        "side": "buy",
        "currency_pair": "BTC_USDT",
        "amount": "0.00012",
        "price": "61734",
        "range": "27210959-27210959"
      }
    }
  },
  {
    "exchange": "gateio",
    "instrument": "btcusdt",
    "insType": "spot",
    "obj": "trades",
    "btc_price": 61705.5,
    "timestamp": 1709433467.3877764,
    "data": {
      "time": 1709433467,
      "time_ms": 1709433467258,
      "channel": "spot.trades",
      "event": "update",
      "result": {
        "id": 7671962893,
        "create_time": 1709433467,
        "create_time_ms": "1709433467251.0",
        "side": "buy",
        "currency_pair": "BTC_USDT",
        "amount": "0.00027",
        "price": "61734",
        "range": "27210960-27210960"
      }
    }
  },
  {
    "exchange": "gateio",
    "instrument": "btcusdt",
    "insType": "spot",
    "obj": "trades",
    "btc_price": 61705.5,
    "timestamp": 1709433479.8543851,
    "data": {
      "time": 1709433479,
      "time_ms": 1709433479724,
      "channel": "spot.trades",
      "event": "update",
      "result": {
        "id": 7671964107,
        "create_time": 1709433479,
        "create_time_ms": "1709433479715.0",
        "side": "sell",
        "currency_pair": "BTC_USDT",
        "amount": "0.00002",
        "price": "61733.9",
        "range": "27210961-27210961"
      }
    }
  },
  {
    "exchange": "gateio",
    "instrument": "btcusdt",
    "insType": "spot",
    "obj": "trades",
    "btc_price": 61705.5,
    "timestamp": 1709433482.8759992,
    "data": {
      "time": 1709433482,
      "time_ms": 1709433482746,
      "channel": "spot.trades",
      "event": "update",
      "result": {
        "id": 7671964602,
        "create_time": 1709433482,
        "create_time_ms": "1709433482734.0",
        "side": "sell",
        "currency_pair": "BTC_USDT",
        "amount": "0.00007",
        "price": "61733.9",
        "range": "27210962-27210962"
      }
    }
  },
  {
    "exchange": "gateio",
    "instrument": "btcusdt",
    "insType": "spot",
    "obj": "trades",
    "btc_price": 61705.5,
    "timestamp": 1709433484.7245069,
    "data": {
      "time": 1709433484,
      "time_ms": 1709433484594,
      "channel": "spot.trades",
      "event": "update",
      "result": {
        "id": 7671965030,
        "create_time": 1709433484,
        "create_time_ms": "1709433484586.0",
        "side": "buy",
        "currency_pair": "BTC_USDT",
        "amount": "0.00222",
        "price": "61734",
        "range": "27210963-27210963"
      }
    }
  },
  {
    "exchange": "gateio",
    "instrument": "btcusdt",
    "insType": "spot",
    "obj": "trades",
    "btc_price": 61705.5,
    "timestamp": 1709433487.140578,
    "data": {
      "time": 1709433487,
      "time_ms": 1709433487011,
      "channel": "spot.trades",
      "event": "update",
      "result": {
        "id": 7671965640,
        "create_time": 1709433487,
        "create_time_ms": "1709433487000.0",
        "side": "buy",
        "currency_pair": "BTC_USDT",
        "amount": "0.0077",
        "price": "61734",
        "range": "27210964-27210964"
      }
    }
  },
  {
    "exchange": "gateio",
    "instrument": "btcusdt",
    "insType": "spot",
    "obj": "trades",
    "btc_price": 61705.5,
    "timestamp": 1709433487.1855464,
    "data": {
      "time": 1709433487,
      "time_ms": 1709433487056,
      "channel": "spot.trades",
      "event": "update",
      "result": {
        "id": 7671965654,
        "create_time": 1709433487,
        "create_time_ms": "1709433487045.0",
        "side": "buy",
        "currency_pair": "BTC_USDT",
        "amount": "0.00006",
        "price": "61734",
        "range": "27210965-27210965"
      }
    }
  },
  {
    "exchange": "gateio",
    "instrument": "btcusdt",
    "insType": "spot",
    "obj": "trades",
    "btc_price": 61705.5,
    "timestamp": 1709433487.1866083,
    "data": {
      "time": 1709433487,
      "time_ms": 1709433487056,
      "channel": "spot.trades",
      "event": "update",
      "result": {
        "id": 7671965655,
        "create_time": 1709433487,
        "create_time_ms": "1709433487045.0",
        "side": "buy",
        "currency_pair": "BTC_USDT",
        "amount": "0.00484",
        "price": "61734.7",
        "range": "27210966-27210966"
      }
    }
  },
  {
    "exchange": "gateio",
    "instrument": "btcusdt",
    "insType": "spot",
    "obj": "trades",
    "btc_price": 61705.5,
    "timestamp": 1709433491.177982,
    "data": {
      "time": 1709433491,
      "time_ms": 1709433491048,
      "channel": "spot.trades",
      "event": "update",
      "result": {
        "id": 7671966195,
        "create_time": 1709433491,
        "create_time_ms": "1709433491037.0",
        "side": "buy",
        "currency_pair": "BTC_USDT",
        "amount": "0.0002",
        "price": "61738.1",
        "range": "27210967-27210967"
      }
    }
  }
]